
  <marc:record>
    <marc:leader>00392cam a22001338a 4500</marc:leader>
    <marc:controlfield tag="001">000007346426</marc:controlfield>
    <marc:controlfield tag="008">870619s1987    nyu           0001| eng  </marc:controlfield>
    <marc:datafield tag="020" ind1=" " ind2=" ">
      <marc:subfield code="a">039609158X</marc:subfield>
    </marc:datafield>
    <marc:datafield tag="100" ind1="1" ind2="0">
      <marc:subfield code="a">Christie, Agatha,</marc:subfield>
      <marc:subfield code="d">1890-1976.</marc:subfield>
      <marc:subfield code="1">http://viaf.org/viaf/71388952</marc:subfield>
      <marc:subfield code="4">aut</marc:subfield>
    </marc:datafield>
    <marc:datafield tag="240" ind1="1" ind2="0">
      <marc:subfield code="a">Double sin and other stories </marc:subfield>
      <marc:subfield code="l">Engelsk</marc:subfield>
      <marc:subfield code="1">--	http://viaf.org/viaf/179178938</marc:subfield>
    </marc:datafield>
    <marc:datafield tag="245" ind1="1" ind2="0">
      <marc:subfield code="a">Double sin and other stories /</marc:subfield>
      <marc:subfield code="c">Agatha Christie.</marc:subfield>
    </marc:datafield>
    <marc:datafield tag="250" ind1=" " ind2=" ">
      <marc:subfield code="a">1st ed.</marc:subfield>
    </marc:datafield>
    <marc:datafield tag="260" ind1="0" ind2=" ">
      <marc:subfield code="a">New York :</marc:subfield>
      <marc:subfield code="b">Dodd, Mead,</marc:subfield>
      <marc:subfield code="c">1987.</marc:subfield>
    </marc:datafield>
    <marc:datafield tag="300" ind1=" " ind2=" ">
      <marc:subfield code="a">p. cm.</marc:subfield>
    </marc:datafield>
    <marc:datafield tag="336" ind1=" " ind2=" ">
      <marc:subfield code="a">text</marc:subfield>
      <marc:subfield code="b">txt</marc:subfield>
      <marc:subfield code="2">rdacontent</marc:subfield>
      <marc:subfield code="0">http://rdaregistry.info/termList/RDAContentType/1020 </marc:subfield>
    </marc:datafield>
    <marc:datafield tag="337" ind1=" " ind2=" ">
      <marc:subfield code="a">unmediated</marc:subfield>
      <marc:subfield code="b">n</marc:subfield>
      <marc:subfield code="2">rdamedia</marc:subfield>
    </marc:datafield>
    <marc:datafield tag="338" ind1=" " ind2=" ">
      <marc:subfield code="a">volume</marc:subfield>
      <marc:subfield code="b">nc</marc:subfield>
      <marc:subfield code="2">rdacarrier</marc:subfield>
    </marc:datafield>
    <marc:datafield tag="650" ind1=" " ind2="0">
      <marc:subfield code="a">Detective and mystery stories, English.</marc:subfield>
    </marc:datafield>
  </marc:record>