
  <marc:record>
    <marc:leader>01001nam a2200229 a 450 </marc:leader>
    <marc:controlfield tag="001">0606215</marc:controlfield>
    <marc:controlfield tag="008">180604b                          1 nob  </marc:controlfield>
    <marc:datafield tag="015" ind1=" " ind2=" ">
      <marc:subfield code="a">392296</marc:subfield>
    </marc:datafield>
    <marc:datafield tag="020" ind1=" " ind2=" ">
      <marc:subfield code="a">82-03-17062-5</marc:subfield>
    </marc:datafield>
    <marc:datafield tag="041" ind1=" " ind2=" ">
      <marc:subfield code="h">eng</marc:subfield>
    </marc:datafield>
    <marc:datafield tag="100" ind1=" " ind2=" ">
      <marc:subfield code="a">Christie, Agatha,</marc:subfield>
      <marc:subfield code="d">1890-1976</marc:subfield>
      <marc:subfield code="1">http://viaf.org/viaf/71388952</marc:subfield>
      <marc:subfield code="4">aut</marc:subfield>
    </marc:datafield>
    <marc:datafield tag="245" ind1="1" ind2="0">
      <marc:subfield code="a">Lek med speil /</marc:subfield>
      <marc:subfield code="c">Agatha Christie ; oversatt av Andreas Eriksen</marc:subfield>
    </marc:datafield>
    <marc:datafield tag="260" ind1=" " ind2=" ">
      <marc:subfield code="a">Oslo :</marc:subfield>
      <marc:subfield code="b">Aschehoug,</marc:subfield>
      <marc:subfield code="c">1992</marc:subfield>
    </marc:datafield>
    <marc:datafield tag="300" ind1=" " ind2=" ">
      <marc:subfield code="a">167 s.</marc:subfield>
    </marc:datafield>
    <marc:datafield tag="336" ind1=" " ind2=" ">
      <marc:subfield code="a">text</marc:subfield>
      <marc:subfield code="b">txt</marc:subfield>
      <marc:subfield code="2">rdacontent</marc:subfield>
      <marc:subfield code="0">http://rdaregistry.info/termList/RDAContentType/1020 </marc:subfield>
    </marc:datafield>
    <marc:datafield tag="337" ind1=" " ind2=" ">
      <marc:subfield code="a">unmediated</marc:subfield>
      <marc:subfield code="b">n</marc:subfield>
      <marc:subfield code="2">rdamedia</marc:subfield>
    </marc:datafield>
    <marc:datafield tag="338" ind1=" " ind2=" ">
      <marc:subfield code="a">volume</marc:subfield>
      <marc:subfield code="b">nc</marc:subfield>
      <marc:subfield code="2">rdacarrier</marc:subfield>
    </marc:datafield>
    <marc:datafield tag="600" ind1=" " ind2="4">
      <marc:subfield code="a">Marple, Jane,</marc:subfield>
      <marc:subfield code="c">fiktiv person</marc:subfield>
      <marc:subfield code="1">http://viaf.org/viaf/20152329368502672984</marc:subfield>
      <marc:subfield code="4">oth</marc:subfield>
    </marc:datafield>
    <marc:datafield tag="655" ind1=" " ind2=" ">
      <marc:subfield code="a">Kriminal</marc:subfield>
    </marc:datafield>
    <marc:datafield tag="700" ind1=" " ind2=" ">
      <marc:subfield code="a">Eriksen, Andreas,</marc:subfield>
      <marc:subfield code="1">http://viaf.org/viaf/169145969927432250140</marc:subfield>
      <marc:subfield code="4">trl</marc:subfield>
    </marc:datafield>
  </marc:record>