
  <marc:record>
    <marc:leader>00459nam a22001457a 4500</marc:leader>
    <marc:controlfield tag="001">000015058694</marc:controlfield>
    <marc:controlfield tag="008">960228t19581940nyu           000 f eng  </marc:controlfield>
    <marc:datafield tag="100" ind1="1" ind2=" ">
      <marc:subfield code="a">Christie, Agatha,</marc:subfield>
      <marc:subfield code="d">1890-1976.</marc:subfield>
      <marc:subfield code="1">http://viaf.org/viaf/71388952</marc:subfield>
      <marc:subfield code="4">aut</marc:subfield>
    </marc:datafield>
    <marc:datafield tag="240" ind1="1" ind2="0">
      <marc:subfield code="a">Sad cypress /</marc:subfield>
      <marc:subfield code="l">Engelsk</marc:subfield>
      <marc:subfield code="1">-	http://viaf.org/viaf/310912133</marc:subfield>
    </marc:datafield>
    <marc:datafield tag="245" ind1="1" ind2="0">
      <marc:subfield code="a">Sad cypress /</marc:subfield>
      <marc:subfield code="c">by Agatha Christie.</marc:subfield>
    </marc:datafield>
    <marc:datafield tag="250" ind1=" " ind2=" ">
      <marc:subfield code="a">New Dell ed. 1958</marc:subfield>
    </marc:datafield>
    <marc:datafield tag="260" ind1=" " ind2=" ">
      <marc:subfield code="a">New York :</marc:subfield>
      <marc:subfield code="b">Dell,</marc:subfield>
      <marc:subfield code="c">1958, c1940.</marc:subfield>
    </marc:datafield>
    <marc:datafield tag="300" ind1=" " ind2=" ">
      <marc:subfield code="a">224 p. ;</marc:subfield>
      <marc:subfield code="c">16 cm.</marc:subfield>
    </marc:datafield>
    <marc:datafield tag="336" ind1=" " ind2=" ">
      <marc:subfield code="a">text</marc:subfield>
      <marc:subfield code="b">txt</marc:subfield>
      <marc:subfield code="2">rdacontent</marc:subfield>
      <marc:subfield code="0">http://rdaregistry.info/termList/RDAContentType/1020 </marc:subfield>
    </marc:datafield>
    <marc:datafield tag="337" ind1=" " ind2=" ">
      <marc:subfield code="a">unmediated</marc:subfield>
      <marc:subfield code="b">n</marc:subfield>
      <marc:subfield code="2">rdamedia</marc:subfield>
    </marc:datafield>
    <marc:datafield tag="338" ind1=" " ind2=" ">
      <marc:subfield code="a">volume</marc:subfield>
      <marc:subfield code="b">nc</marc:subfield>
      <marc:subfield code="2">rdacarrier</marc:subfield>
    </marc:datafield>
    <marc:datafield tag="440" ind1=" " ind2="0">
      <marc:subfield code="a">Dell Great mystery library ;</marc:subfield>
      <marc:subfield code="v">Number 12</marc:subfield>
    </marc:datafield>
    <marc:datafield tag="490" ind1="0" ind2=" ">
      <marc:subfield code="a">Dell ;</marc:subfield>
      <marc:subfield code="v">D217 </marc:subfield>
    </marc:datafield>
  </marc:record>