
  <marc:record>
    <marc:leader>00814nam a2200193 a 450 </marc:leader>
    <marc:controlfield tag="001">0293704</marc:controlfield>
    <marc:controlfield tag="008">060125b        uk                1 eng  </marc:controlfield>
    <marc:datafield tag="015" ind1=" " ind2=" ">
      <marc:subfield code="a">1670425</marc:subfield>
    </marc:datafield>
    <marc:datafield tag="020" ind1=" " ind2=" ">
      <marc:subfield code="a">0-00-231024-4 :</marc:subfield>
      <marc:subfield code="c">Nkr 274.00</marc:subfield>
    </marc:datafield>
    <marc:datafield tag="100" ind1=" " ind2=" ">
      <marc:subfield code="a">Christie, Agatha,</marc:subfield>
      <marc:subfield code="d">1890-1976</marc:subfield>
      <marc:subfield code="1">http://viaf.org/viaf/71388952</marc:subfield>
      <marc:subfield code="4">aut</marc:subfield>
    </marc:datafield>
    <marc:datafield tag="245" ind1="1" ind2="4">
      <marc:subfield code="a">The adventure of the Christmas pudding /</marc:subfield>
      <marc:subfield code="c">Agatha Christie</marc:subfield>
    </marc:datafield>
    <marc:datafield tag="260" ind1=" " ind2=" ">
      <marc:subfield code="a">London :</marc:subfield>
      <marc:subfield code="b">HarperCollins,</marc:subfield>
      <marc:subfield code="c">2002</marc:subfield>
    </marc:datafield>
    <marc:datafield tag="300" ind1=" " ind2=" ">
      <marc:subfield code="a">240 s.</marc:subfield>
    </marc:datafield>
    <marc:datafield tag="336" ind1=" " ind2=" ">
      <marc:subfield code="a">text</marc:subfield>
      <marc:subfield code="b">txt</marc:subfield>
      <marc:subfield code="2">rdacontent</marc:subfield>
      <marc:subfield code="0">http://rdaregistry.info/termList/RDAContentType/1020 </marc:subfield>
    </marc:datafield>
    <marc:datafield tag="337" ind1=" " ind2=" ">
      <marc:subfield code="a">unmediated</marc:subfield>
      <marc:subfield code="b">n</marc:subfield>
      <marc:subfield code="2">rdamedia</marc:subfield>
    </marc:datafield>
    <marc:datafield tag="338" ind1=" " ind2=" ">
      <marc:subfield code="a">volume</marc:subfield>
      <marc:subfield code="b">nc</marc:subfield>
      <marc:subfield code="2">rdacarrier</marc:subfield>
    </marc:datafield>
    <marc:datafield tag="503" ind1=" " ind2=" ">
      <marc:subfield code="a">1. utg.: 1960</marc:subfield>
    </marc:datafield>
    <marc:datafield tag="655" ind1=" " ind2=" ">
      <marc:subfield code="a">Kriminal</marc:subfield>
    </marc:datafield>
  </marc:record>