
  <marc:record>
    <marc:leader>01150nam a2200241 a 450 </marc:leader>
    <marc:controlfield tag="001">0381487</marc:controlfield>
    <marc:controlfield tag="008">081112b                          1 eng  </marc:controlfield>
    <marc:datafield tag="015" ind1=" " ind2=" ">
      <marc:subfield code="a">1748577</marc:subfield>
    </marc:datafield>
    <marc:datafield tag="020" ind1=" " ind2=" ">
      <marc:subfield code="a">978-1-57270-432-9 :</marc:subfield>
      <marc:subfield code="c">Nkr 246.00</marc:subfield>
    </marc:datafield>
    <marc:datafield tag="100" ind1=" " ind2=" ">
      <marc:subfield code="a">Christie, Agatha,</marc:subfield>
      <marc:subfield code="d">1890-1976</marc:subfield>
      <marc:subfield code="1">http://viaf.org/viaf/71388952</marc:subfield>
      <marc:subfield code="4">aut</marc:subfield>
    </marc:datafield>
    <marc:datafield tag="245" ind1="1" ind2="4">
      <marc:subfield code="a">The Big Four</marc:subfield>
      <marc:subfield code="h">lydopptak</marc:subfield>
      <marc:subfield code="b">a Hercule Poirot mystery /</marc:subfield>
      <marc:subfield code="c">Agatha Christie</marc:subfield>
    </marc:datafield>
    <marc:datafield tag="260" ind1=" " ind2=" ">
      <marc:subfield code="a">North Kingston, R.I. :</marc:subfield>
      <marc:subfield code="b">BBC Audiobooks America,</marc:subfield>
      <marc:subfield code="c">[2002?]</marc:subfield>
    </marc:datafield>
    <marc:datafield tag="300" ind1=" " ind2=" ">
      <marc:subfield code="a">5 kompaktplater (5 t, 33 min)</marc:subfield>
    </marc:datafield>
    <marc:datafield tag="336" ind1=" " ind2=" ">
      <marc:subfield code="a">text</marc:subfield>
      <marc:subfield code="b">txt</marc:subfield>
      <marc:subfield code="2">rdacontent</marc:subfield>
      <marc:subfield code="0">http://rdaregistry.info/termList/RDAContentType/1020 </marc:subfield>
    </marc:datafield>
    <marc:datafield tag="337" ind1=" " ind2=" ">
      <marc:subfield code="a">unmediated</marc:subfield>
      <marc:subfield code="b">n</marc:subfield>
      <marc:subfield code="2">rdamedia</marc:subfield>
    </marc:datafield>
    <marc:datafield tag="338" ind1=" " ind2=" ">
      <marc:subfield code="a">volume</marc:subfield>
      <marc:subfield code="b">nc</marc:subfield>
      <marc:subfield code="2">rdacarrier</marc:subfield>
    </marc:datafield>
    <marc:datafield tag="490" ind1=" " ind2=" ">
      <marc:subfield code="a">BBC Audio mystery masters</marc:subfield>
    </marc:datafield>
    <marc:datafield tag="511" ind1="0" ind2=" ">
      <marc:subfield code="a">Lest av Hugh Fraser</marc:subfield>
    </marc:datafield>
    <marc:datafield tag="600" ind1=" " ind2="4">
      <marc:subfield code="a">Poirot, Hercule,</marc:subfield>
      <marc:subfield code="c">fiktiv person</marc:subfield>
      <marc:subfield code="1">http://viaf.org/viaf/111145541825196601000</marc:subfield>
      <marc:subfield code="4">oth</marc:subfield>
    </marc:datafield>
    <marc:datafield tag="655" ind1=" " ind2=" ">
      <marc:subfield code="a">Kriminal</marc:subfield>
    </marc:datafield>
    <marc:datafield tag="700" ind1=" " ind2=" ">
      <marc:subfield code="a">Fraser, Hugh,</marc:subfield>
      <marc:subfield code="d">1945-</marc:subfield>
      <marc:subfield code="1"> http://viaf.org/viaf/46358485</marc:subfield>
      <marc:subfield code="4">nrt</marc:subfield>
    </marc:datafield>
  </marc:record>