
  <marc:record>
    <marc:leader>01737nam a2200265 a 450 </marc:leader>
    <marc:controlfield tag="001">0351458</marc:controlfield>
    <marc:controlfield tag="007"> d</marc:controlfield>
    <marc:controlfield tag="008">070124b2007                      1 nob  </marc:controlfield>
    <marc:datafield tag="015" ind1=" " ind2=" ">
      <marc:subfield code="a">0177076</marc:subfield>
    </marc:datafield>
    <marc:datafield tag="015" ind1=" " ind2=" ">
      <marc:subfield code="a">922903</marc:subfield>
    </marc:datafield>
    <marc:datafield tag="020" ind1=" " ind2=" ">
      <marc:subfield code="a">978-82-421-2218-6 :</marc:subfield>
      <marc:subfield code="c">Nkr 339.00</marc:subfield>
    </marc:datafield>
    <marc:datafield tag="100" ind1=" " ind2=" ">
      <marc:subfield code="a">Horst, Jørn Lier</marc:subfield>
      <marc:subfield code="d">1970-</marc:subfield>
      <marc:subfield code="1">http://viaf.org/viaf/7170235</marc:subfield>
      <marc:subfield code="4">aut</marc:subfield>
    </marc:datafield>
    <marc:datafield tag="240" ind1="1" ind2="0">
      <marc:subfield code="a">Den eneste ene</marc:subfield>
      <marc:subfield code="l">Norsk</marc:subfield>
    </marc:datafield>
    <marc:datafield tag="245" ind1="1" ind2="4">
      <marc:subfield code="a">Den eneste ene /</marc:subfield>
      <marc:subfield code="c">Jørn Lier Horst</marc:subfield>
      <marc:subfield code="h">lydopptak - CD-plate</marc:subfield>
    </marc:datafield>
    <marc:datafield tag="260" ind1=" " ind2=" ">
      <marc:subfield code="a">[Melhus] :</marc:subfield>
      <marc:subfield code="b">Lydbokforl.,</marc:subfield>
      <marc:subfield code="c">2007</marc:subfield>
    </marc:datafield>
    <marc:datafield tag="300" ind1=" " ind2=" ">
      <marc:subfield code="a">6 kompaktplater (7 t, 49 min)</marc:subfield>
    </marc:datafield>
    <marc:datafield tag="336" ind1=" " ind2=" ">
      <marc:subfield code="a">spoken word</marc:subfield>
      <marc:subfield code="b">spw</marc:subfield>
      <marc:subfield code="2">rdacontent</marc:subfield>
      <marc:subfield code="1">http://rdaregistry.info/termList/RDAContentType/1013 </marc:subfield>
    </marc:datafield>
    <marc:datafield tag="337" ind1=" " ind2=" ">
      <marc:subfield code="a">audio</marc:subfield>
      <marc:subfield code="b">s</marc:subfield>
      <marc:subfield code="2">rdamedia</marc:subfield>
    </marc:datafield>
    <marc:datafield tag="338" ind1=" " ind2=" ">
      <marc:subfield code="a">audio disc</marc:subfield>
      <marc:subfield code="b">sd</marc:subfield>
      <marc:subfield code="2">rdacarrier</marc:subfield>
    </marc:datafield>
    <marc:datafield tag="511" ind1="0" ind2=" ">
      <marc:subfield code="a">Lest av Yngve Berven</marc:subfield>
    </marc:datafield>
    <marc:datafield tag="655" ind1=" " ind2=" ">
      <marc:subfield code="a">Kriminal</marc:subfield>
      <marc:subfield code="2">BS</marc:subfield>
    </marc:datafield>
    <marc:datafield tag="700" ind1=" " ind2=" ">
      <marc:subfield code="a">Berven, Yngve</marc:subfield>
      <marc:subfield code="e">innl.</marc:subfield>
      <marc:subfield code="1">http://viaf.org/viaf/229787737</marc:subfield>
      <marc:subfield code="4">nrt</marc:subfield>
    </marc:datafield>
  </marc:record>