
  <marc:record>
    <marc:leader>02206nam a2200361 a 450 </marc:leader>
    <marc:controlfield tag="001">0413570</marc:controlfield>
    <marc:controlfield tag="008">131030b               j          1 nob  </marc:controlfield>
    <marc:datafield tag="015" ind1=" " ind2=" ">
      <marc:subfield code="a">0335431</marc:subfield>
    </marc:datafield>
    <marc:datafield tag="015" ind1=" " ind2=" ">
      <marc:subfield code="a">9959770</marc:subfield>
    </marc:datafield>
    <marc:datafield tag="020" ind1=" " ind2=" ">
      <marc:subfield code="a">978-82-489-1332-0 :</marc:subfield>
      <marc:subfield code="c">Nkr 279.00</marc:subfield>
    </marc:datafield>
    <marc:datafield tag="082" ind1="1" ind2="4">
      <marc:subfield code="2">5</marc:subfield>
    </marc:datafield>
    <marc:datafield tag="100" ind1=" " ind2=" ">
      <marc:subfield code="a">Horst, Jørn Lier,</marc:subfield>
      <marc:subfield code="d">1970-</marc:subfield>
      <marc:subfield code="1">http://viaf.org/viaf/7170235</marc:subfield>
      <marc:subfield code="4">aut</marc:subfield>
    </marc:datafield>
    <marc:datafield tag="240" ind1="1" ind2="0">
      <marc:subfield code="a">Gravrøvergåten</marc:subfield>
      <marc:subfield code="l">Norsk</marc:subfield>
    </marc:datafield>
    <marc:datafield tag="245" ind1="1" ind2="0">
      <marc:subfield code="a">Gravrøvergåten /</marc:subfield>
      <marc:subfield code="c">Jørn Lier Horst</marc:subfield>
    </marc:datafield>
    <marc:datafield tag="260" ind1=" " ind2=" ">
      <marc:subfield code="a">Oslo :</marc:subfield>
      <marc:subfield code="b">Kagge,</marc:subfield>
      <marc:subfield code="c">cop. 2013</marc:subfield>
    </marc:datafield>
    <marc:datafield tag="300" ind1=" " ind2=" ">
      <marc:subfield code="a">142 s.</marc:subfield>
    </marc:datafield>
    <marc:datafield tag="336" ind1=" " ind2=" ">
      <marc:subfield code="a">text</marc:subfield>
      <marc:subfield code="b">txt</marc:subfield>
      <marc:subfield code="2">rdacontent</marc:subfield>
      <marc:subfield code="1">http://rdaregistry.info/termList/RDAContentType/1020</marc:subfield>
    </marc:datafield>
    <marc:datafield tag="337" ind1=" " ind2=" ">
      <marc:subfield code="a">unmediated</marc:subfield>
      <marc:subfield code="b">n</marc:subfield>
      <marc:subfield code="2">rdamedia</marc:subfield>
    </marc:datafield>
    <marc:datafield tag="338" ind1=" " ind2=" ">
      <marc:subfield code="a">volume</marc:subfield>
      <marc:subfield code="b">nc</marc:subfield>
      <marc:subfield code="2">rdacarrier</marc:subfield>
    </marc:datafield>
    <marc:datafield tag="440" ind1=" " ind2="0">
      <marc:subfield code="a">Clue ;</marc:subfield>
      <marc:subfield code="v">[4]</marc:subfield>
    </marc:datafield>
    <marc:datafield tag="521" ind1=" " ind2=" ">
      <marc:subfield code="a">God, leselig skrift</marc:subfield>
    </marc:datafield>
    <marc:datafield tag="655" ind1=" " ind2=" ">
      <marc:subfield code="a">Spenning</marc:subfield>
      <marc:subfield code="2">BS</marc:subfield>
    </marc:datafield>
    <marc:datafield tag="780" ind1="0" ind2="0">
      <marc:subfield code="t">Undervannsgåten</marc:subfield>
      <marc:subfield code="w">409176</marc:subfield>
    </marc:datafield>
    <marc:datafield tag="785" ind1=" " ind2="0">
      <marc:subfield code="t">Libertygåten</marc:subfield>
      <marc:subfield code="w">421137</marc:subfield>
    </marc:datafield>
  </marc:record>