
  <marc:record>
    <marc:leader>02144nam a2200289 a 450 </marc:leader>
    <marc:controlfield tag="001">0400640</marc:controlfield>
    <marc:controlfield tag="008">120419b               j          1 nob  </marc:controlfield>
    <marc:datafield tag="015" ind1=" " ind2=" ">
      <marc:subfield code="a">0280670</marc:subfield>
    </marc:datafield>
    <marc:datafield tag="015" ind1=" " ind2=" ">
      <marc:subfield code="a">9178129</marc:subfield>
    </marc:datafield>
    <marc:datafield tag="020" ind1=" " ind2=" ">
      <marc:subfield code="a">978-82-421-5430-9 :</marc:subfield>
      <marc:subfield code="c">Nkr 249.00</marc:subfield>
    </marc:datafield>
    <marc:datafield tag="082" ind1="1" ind2="4">
      <marc:subfield code="2">5</marc:subfield>
    </marc:datafield>
    <marc:datafield tag="100" ind1=" " ind2=" ">
      <marc:subfield code="a">Horst, Jørn Lier,</marc:subfield>
      <marc:subfield code="d">1970-</marc:subfield>
      <marc:subfield code="1">http://viaf.org/viaf/7170235</marc:subfield>
      <marc:subfield code="4">aut</marc:subfield>
    </marc:datafield>
    <marc:datafield tag="240" ind1="1" ind2="0">
      <marc:subfield code="a">Salamandergåten</marc:subfield>
      <marc:subfield code="l">Norsk</marc:subfield>
    </marc:datafield>
    <marc:datafield tag="245" ind1="1" ind2="0">
      <marc:subfield code="a">Salamandergåten /</marc:subfield>
      <marc:subfield code="c">Jørn Lier Horst</marc:subfield>
      <marc:subfield code="h">lydopptak - CD-plate</marc:subfield>
    </marc:datafield>
    <marc:datafield tag="260" ind1=" " ind2=" ">
      <marc:subfield code="a">[Melhus] :</marc:subfield>
      <marc:subfield code="b">Lydbokforl.,</marc:subfield>
      <marc:subfield code="c">2012</marc:subfield>
    </marc:datafield>
    <marc:datafield tag="300" ind1=" " ind2=" ">
      <marc:subfield code="a">2 CD-er (2 t, 31 min)</marc:subfield>
    </marc:datafield>
    <marc:datafield tag="336" ind1=" " ind2=" ">
      <marc:subfield code="a">spoken word</marc:subfield>
      <marc:subfield code="b">spw</marc:subfield>
      <marc:subfield code="2">rdacontent</marc:subfield>
      <marc:subfield code="1">http://rdaregistry.info/termList/RDAContentType/1013 </marc:subfield>
    </marc:datafield>
    <marc:datafield tag="337" ind1=" " ind2=" ">
      <marc:subfield code="a">audio</marc:subfield>
      <marc:subfield code="b">s</marc:subfield>
      <marc:subfield code="2">rdamedia</marc:subfield>
    </marc:datafield>
    <marc:datafield tag="338" ind1=" " ind2=" ">
      <marc:subfield code="a">audio disc</marc:subfield>
      <marc:subfield code="b">sd</marc:subfield>
      <marc:subfield code="2">rdacarrier</marc:subfield>
    </marc:datafield>
    <marc:datafield tag="440" ind1=" " ind2="0">
      <marc:subfield code="a">Clue ;</marc:subfield>
      <marc:subfield code="v">[1]</marc:subfield>
    </marc:datafield>
    <marc:datafield tag="511" ind1="0" ind2=" ">
      <marc:subfield code="a">Lest av Håvard Bakke</marc:subfield>
    </marc:datafield>
    <marc:datafield tag="655" ind1=" " ind2=" ">
      <marc:subfield code="a">Spenning</marc:subfield>
      <marc:subfield code="2">BS</marc:subfield>
    </marc:datafield>
    <marc:datafield tag="700" ind1=" " ind2=" ">
      <marc:subfield code="a">Bakke, Håvard,</marc:subfield>
      <marc:subfield code="d">1974-,</marc:subfield>
      <marc:subfield code="e">innl.</marc:subfield>
      <marc:subfield code="1">http://viaf.org/viaf/231735910</marc:subfield>
      <marc:subfield code="4">nrt</marc:subfield>
    </marc:datafield>
  </marc:record>