
  <marc:record>
    <marc:leader>03233nam a2200481 a 450 </marc:leader>
    <marc:controlfield tag="001">0478154</marc:controlfield>
    <marc:controlfield tag="008">980618b               j          1 nob  </marc:controlfield>
    <marc:datafield tag="015" ind1=" " ind2=" ">
      <marc:subfield code="a">0545457</marc:subfield>
    </marc:datafield>
    <marc:datafield tag="015" ind1=" " ind2=" ">
      <marc:subfield code="a">11454181</marc:subfield>
    </marc:datafield>
    <marc:datafield tag="020" ind1=" " ind2=" ">
      <marc:subfield code="a">978-82-05-51984-8 :</marc:subfield>
      <marc:subfield code="c">Nkr 229.00</marc:subfield>
    </marc:datafield>
    <marc:datafield tag="020" ind1=" " ind2=" ">
      <marc:subfield code="a">978-82-320-3351-5</marc:subfield>
    </marc:datafield>
    <marc:datafield tag="082" ind1="1" ind2="4">
      <marc:subfield code="2">5</marc:subfield>
    </marc:datafield>
    <marc:datafield tag="100" ind1=" " ind2=" ">
      <marc:subfield code="a">Horst, Jørn Lier,</marc:subfield>
      <marc:subfield code="d">1970-</marc:subfield>
      <marc:subfield code="1">http://viaf.org/viaf/7170235</marc:subfield>
      <marc:subfield code="4">aut</marc:subfield>
    </marc:datafield>
    <marc:datafield tag="240" ind1="1" ind2="0">
      <marc:subfield code="a">Tre saker for Detektivbyrå nr. 2</marc:subfield>
      <marc:subfield code="l">Norsk</marc:subfield>
    </marc:datafield>
    <marc:datafield tag="245" ind1="1" ind2="0">
      <marc:subfield code="a">Tre saker for Detektivbyrå nr. 2 /</marc:subfield>
      <marc:subfield code="c">Jørn Lier Horst, Hans Jørgen Sandnes</marc:subfield>
    </marc:datafield>
    <marc:datafield tag="260" ind1=" " ind2=" ">
      <marc:subfield code="a">Oslo :</marc:subfield>
      <marc:subfield code="b">Gyldendal,</marc:subfield>
      <marc:subfield code="c">2018</marc:subfield>
    </marc:datafield>
    <marc:datafield tag="300" ind1=" " ind2=" ">
      <marc:subfield code="a">312 s. :</marc:subfield>
      <marc:subfield code="b">kol. ill.</marc:subfield>
    </marc:datafield>
    <marc:datafield tag="336" ind1=" " ind2=" ">
      <marc:subfield code="a">text</marc:subfield>
      <marc:subfield code="b">txt</marc:subfield>
      <marc:subfield code="2">rdacontent</marc:subfield>
      <marc:subfield code="1">http://rdaregistry.info/termList/RDAContentType/1020</marc:subfield>
    </marc:datafield>
    <marc:datafield tag="337" ind1=" " ind2=" ">
      <marc:subfield code="a">unmediated</marc:subfield>
      <marc:subfield code="b">n</marc:subfield>
      <marc:subfield code="2">rdamedia</marc:subfield>
    </marc:datafield>
    <marc:datafield tag="338" ind1=" " ind2=" ">
      <marc:subfield code="a">volume</marc:subfield>
      <marc:subfield code="b">nc</marc:subfield>
      <marc:subfield code="2">rdacarrier</marc:subfield>
    </marc:datafield>
    <marc:datafield tag="440" ind1=" " ind2="0">
      <marc:subfield code="a">Detektivbyrå̄nr. 2</marc:subfield>
    </marc:datafield>
    <marc:datafield tag="505" ind1="1" ind2=" ">
      <marc:subfield code="a">Innhold: Operasjon Tordensky (2013) ; Operasjon Mørkemann (2013) ; Operasjon Solnedgang (2013) ; Operasjon Blå pakke</marc:subfield>
    </marc:datafield>
    <marc:datafield tag="521" ind1=" " ind2=" ">
      <marc:subfield code="a">Alder: 6-11 år</marc:subfield>
    </marc:datafield>
    <marc:datafield tag="521" ind1=" " ind2=" ">
      <marc:subfield code="a">God, leselig skrift</marc:subfield>
    </marc:datafield>
    <marc:datafield tag="655" ind1=" " ind2=" ">
      <marc:subfield code="a">Roman</marc:subfield>
      <marc:subfield code="2">BS</marc:subfield>
    </marc:datafield>
    <marc:datafield tag="655" ind1=" " ind2=" ">
      <marc:subfield code="a">Spenning</marc:subfield>
      <marc:subfield code="2">BS</marc:subfield>
    </marc:datafield>
    <marc:datafield tag="700" ind1=" " ind2=" ">
      <marc:subfield code="a">Sandnes, Hans Jørgen,</marc:subfield>
      <marc:subfield code="d">1979-,</marc:subfield>
      <marc:subfield code="e">illustr.</marc:subfield>
    </marc:datafield>
    <marc:datafield tag="700" ind1=" " ind2="2">
      <marc:subfield code="a">Horst, Jørn Lier,</marc:subfield>
      <marc:subfield code="d">1970-,</marc:subfield>
      <marc:subfield code="t">Operasjon Blå pakke</marc:subfield>
    </marc:datafield>
    <marc:datafield tag="700" ind1=" " ind2="2">
      <marc:subfield code="a">Horst, Jørn Lier,</marc:subfield>
      <marc:subfield code="d">1970-,</marc:subfield>
      <marc:subfield code="t">Operasjon Mørkemann</marc:subfield>
    </marc:datafield>
    <marc:datafield tag="700" ind1=" " ind2="2">
      <marc:subfield code="a">Horst, Jørn Lier,</marc:subfield>
      <marc:subfield code="d">1970-,</marc:subfield>
      <marc:subfield code="t">Operasjon Solnedgang</marc:subfield>
    </marc:datafield>
    <marc:datafield tag="700" ind1=" " ind2="2">
      <marc:subfield code="a">Horst, Jørn Lier,</marc:subfield>
      <marc:subfield code="d">1970-,</marc:subfield>
      <marc:subfield code="t">Operasjon Tordensky</marc:subfield>
    </marc:datafield>
  </marc:record>