
  <marc:record>
    <marc:leader>02705nam a2200397 a 450 </marc:leader>
    <marc:controlfield tag="001">0468350</marc:controlfield>
    <marc:controlfield tag="008">980618b               j          1 nob  </marc:controlfield>
    <marc:datafield tag="015" ind1=" " ind2=" ">
      <marc:subfield code="a">0522514</marc:subfield>
    </marc:datafield>
    <marc:datafield tag="015" ind1=" " ind2=" ">
      <marc:subfield code="a">10802825</marc:subfield>
    </marc:datafield>
    <marc:datafield tag="020" ind1=" " ind2=" ">
      <marc:subfield code="a">978-82-489-2128-8 :</marc:subfield>
      <marc:subfield code="c">Nkr 279.00</marc:subfield>
    </marc:datafield>
    <marc:datafield tag="082" ind1="1" ind2="4">
      <marc:subfield code="2">5</marc:subfield>
    </marc:datafield>
    <marc:datafield tag="100" ind1=" " ind2=" ">
      <marc:subfield code="a">Horst, Jørn Lier,</marc:subfield>
      <marc:subfield code="d">1970-</marc:subfield>
      <marc:subfield code="1">http://viaf.org/viaf/7170235</marc:subfield>
      <marc:subfield code="4">aut</marc:subfield>
    </marc:datafield>
    <marc:datafield tag="240" ind1="1" ind2="0">
      <marc:subfield code="a">Triangelgåten</marc:subfield>
      <marc:subfield code="l">Norsk</marc:subfield>
    </marc:datafield>
    <marc:datafield tag="245" ind1="1" ind2="0">
      <marc:subfield code="a">Triangelgåten /</marc:subfield>
      <marc:subfield code="c">Jørn Lier Horst</marc:subfield>
    </marc:datafield>
    <marc:datafield tag="260" ind1=" " ind2=" ">
      <marc:subfield code="a">Oslo :</marc:subfield>
      <marc:subfield code="b">Kagge,</marc:subfield>
      <marc:subfield code="c">2018</marc:subfield>
    </marc:datafield>
    <marc:datafield tag="300" ind1=" " ind2=" ">
      <marc:subfield code="a">154 s.</marc:subfield>
    </marc:datafield>
    <marc:datafield tag="336" ind1=" " ind2=" ">
      <marc:subfield code="a">text</marc:subfield>
      <marc:subfield code="b">txt</marc:subfield>
      <marc:subfield code="2">rdacontent</marc:subfield>
      <marc:subfield code="1">http://rdaregistry.info/termList/RDAContentType/1020</marc:subfield>
    </marc:datafield>
    <marc:datafield tag="337" ind1=" " ind2=" ">
      <marc:subfield code="a">unmediated</marc:subfield>
      <marc:subfield code="b">n</marc:subfield>
      <marc:subfield code="2">rdamedia</marc:subfield>
    </marc:datafield>
    <marc:datafield tag="338" ind1=" " ind2=" ">
      <marc:subfield code="a">volume</marc:subfield>
      <marc:subfield code="b">nc</marc:subfield>
      <marc:subfield code="2">rdacarrier</marc:subfield>
    </marc:datafield>
    <marc:datafield tag="440" ind1=" " ind2="0">
      <marc:subfield code="a">Clue ;</marc:subfield>
      <marc:subfield code="v">12</marc:subfield>
    </marc:datafield>
    <marc:datafield tag="521" ind1=" " ind2=" ">
      <marc:subfield code="a">Alder: 9-13 år</marc:subfield>
    </marc:datafield>
    <marc:datafield tag="521" ind1=" " ind2=" ">
      <marc:subfield code="a">God, leselig skrift</marc:subfield>
    </marc:datafield>
    <marc:datafield tag="655" ind1=" " ind2=" ">
      <marc:subfield code="a">Roman</marc:subfield>
      <marc:subfield code="2">BS</marc:subfield>
    </marc:datafield>
    <marc:datafield tag="655" ind1=" " ind2=" ">
      <marc:subfield code="a">Spenning</marc:subfield>
      <marc:subfield code="2">BS</marc:subfield>
    </marc:datafield>
    <marc:datafield tag="780" ind1="0" ind2="0">
      <marc:subfield code="t">Einsteingåten</marc:subfield>
    </marc:datafield>
  </marc:record>