
  <marc:record>
    <marc:leader>29240cam a22042977a 4500</marc:leader>
    <marc:controlfield tag="001">11908962</marc:controlfield>
    <marc:controlfield tag="003">LIBRIS</marc:controlfield>
    <marc:controlfield tag="005">20181010194913.0</marc:controlfield>
    <marc:controlfield tag="007">cr |||   |||||         </marc:controlfield>
    <marc:controlfield tag="008">100911s2009    sw |||||s|||||000 f|swe|d</marc:controlfield>
    <marc:datafield tag="020" ind1=" " ind2=" ">
      <marc:subfield code="a">9789143503821</marc:subfield>
    </marc:datafield>
    <marc:datafield tag="035" ind1=" " ind2=" ">
      <marc:subfield code="a">(BOKR)9789143503821</marc:subfield>
    </marc:datafield>
    <marc:datafield tag="035" ind1=" " ind2=" ">
      <marc:subfield code="a">Elib1002298</marc:subfield>
    </marc:datafield>
    <marc:datafield tag="040" ind1=" " ind2=" ">
      <marc:subfield code="a">LGEN</marc:subfield>
      <marc:subfield code="d">S</marc:subfield>
      <marc:subfield code="e">a</marc:subfield>
      <marc:subfield code="e">i</marc:subfield>
    </marc:datafield>
    <marc:datafield tag="041" ind1=" " ind2=" ">
      <marc:subfield code="a">swe</marc:subfield>
    </marc:datafield>
    <marc:datafield tag="042" ind1=" " ind2=" ">
      <marc:subfield code="9">NB</marc:subfield>
    </marc:datafield>
    <marc:datafield tag="072" ind1=" " ind2="7">
      <marc:subfield code="a">FF</marc:subfield>
      <marc:subfield code="2">bicssc</marc:subfield>
    </marc:datafield>
    <marc:datafield tag="082" ind1="0" ind2="4">
      <marc:subfield code="a">839.73</marc:subfield>
      <marc:subfield code="2">22 (machine generated)</marc:subfield>
    </marc:datafield>
    <marc:datafield tag="084" ind1=" " ind2=" ">
      <marc:subfield code="a">Hc.01</marc:subfield>
      <marc:subfield code="2">kssb/8</marc:subfield>
    </marc:datafield>
    <marc:datafield tag="100" ind1="1" ind2=" ">
      <marc:subfield code="a">Kepler, Lars</marc:subfield>
      <marc:subfield code="0">https://libris.kb.se/rp36cbw9252wdhc#it</marc:subfield>
      <marc:subfield code="1">http://viaf.org/viaf/95139216</marc:subfield>
      <marc:subfield code="4">aut</marc:subfield>
    </marc:datafield>
    <marc:datafield tag="240" ind1="1" ind2="0">
      <marc:subfield code="a">Hypnotisören.</marc:subfield>
      <marc:subfield code="l">svensk</marc:subfield>
      <marc:subfield code="1">http://viaf.org/viaf/8113152502986110800001</marc:subfield>
    </marc:datafield>
    <marc:datafield tag="245" ind1="1" ind2="0">
      <marc:subfield code="a">Hypnotisören</marc:subfield>
      <marc:subfield code="h">[Elektronisk resurs] /</marc:subfield>
      <marc:subfield code="c">Lars Kepler.</marc:subfield>
    </marc:datafield>
    <marc:datafield tag="256" ind1=" " ind2=" ">
      <marc:subfield code="a">Text</marc:subfield>
    </marc:datafield>
    <marc:datafield tag="263" ind1=" " ind2=" ">
      <marc:subfield code="a">200910</marc:subfield>
    </marc:datafield>
    <marc:datafield tag="264" ind1=" " ind2="1">
      <marc:subfield code="a">Stockholm :</marc:subfield>
      <marc:subfield code="b">Bonnier :</marc:subfield>
      <marc:subfield code="b">[Bonnierforlagen] :</marc:subfield>
      <marc:subfield code="b">eLib [distributør],</marc:subfield>
      <marc:subfield code="c">cop. 2009</marc:subfield>
    </marc:datafield>
    <marc:datafield tag="300" ind1=" " ind2=" ">
      <marc:subfield code="a">437 s.</marc:subfield>
    </marc:datafield>
    <marc:datafield tag="336" ind1=" " ind2=" ">
      <marc:subfield code="a">text</marc:subfield>
      <marc:subfield code="b">txt</marc:subfield>
      <marc:subfield code="2">rdacontent</marc:subfield>
    </marc:datafield>
    <marc:datafield tag="337" ind1=" " ind2=" ">
      <marc:subfield code="a">computer</marc:subfield>
      <marc:subfield code="b">c</marc:subfield>
      <marc:subfield code="2">rdamedia</marc:subfield>
    </marc:datafield>
    <marc:datafield tag="338" ind1=" " ind2=" ">
      <marc:subfield code="b">r</marc:subfield>
      <marc:subfield code="b">s</marc:subfield>
      <marc:subfield code="b">o</marc:subfield>
      <marc:subfield code="2">rdacarrier</marc:subfield>
      <marc:subfield code="2">rdacarrier</marc:subfield>
      <marc:subfield code="2">rdacarrier</marc:subfield>
    </marc:datafield>
    <marc:datafield tag="347" ind1=" " ind2=" ">
      <marc:subfield code="a">Text</marc:subfield>
    </marc:datafield>
    <marc:datafield tag="490" ind1="0" ind2=" ">
      <marc:subfield code="a">Joona Linna</marc:subfield>
    </marc:datafield>
    <marc:datafield tag="655" ind1=" " ind2="4">
      <marc:subfield code="0">https://id.kb.se/marc/Novel</marc:subfield>
    </marc:datafield>
    <marc:datafield tag="655" ind1=" " ind2="4">
      <marc:subfield code="a">E-bocker</marc:subfield>
    </marc:datafield>
    <marc:datafield tag="655" ind1=" " ind2="4">
      <marc:subfield code="0">https://id.kb.se/marc/FictionNotFurtherSpecified</marc:subfield>
    </marc:datafield>
    <marc:datafield tag="655" ind1=" " ind2="4">
      <marc:subfield code="a">Deckare &amp; spenning</marc:subfield>
    </marc:datafield>
  </marc:record>