
  <marc:record>
    <marc:leader>00983cgm a22002657a 4500</marc:leader>
    <marc:controlfield tag="001">14670232</marc:controlfield>
    <marc:controlfield tag="003">LIBRIS</marc:controlfield>
    <marc:controlfield tag="005">20130820104832.0</marc:controlfield>
    <marc:controlfield tag="007">vd |v||||</marc:controlfield>
    <marc:controlfield tag="008">130820s2012    sw 116 |     ||   v|swe|c</marc:controlfield>
    <marc:datafield tag="040" ind1=" " ind2=" ">
      <marc:subfield code="a">Sfi</marc:subfield>
    </marc:datafield>
    <marc:datafield tag="041" ind1=" " ind2=" ">
      <marc:subfield code="a">swe</marc:subfield>
      <marc:subfield code="d">eng</marc:subfield>
    </marc:datafield>
    <marc:datafield tag="240" ind1="1" ind2="0">
      <marc:subfield code="a">Hypnotisören.</marc:subfield>
      <marc:subfield code="l">svensk</marc:subfield>
      <marc:subfield code="1">https://www.imdb.com/title/tt1556243/?ref_=nv_sr_1?ref_=nv_sr_1</marc:subfield>
    </marc:datafield>
    <marc:datafield tag="245" ind1="1" ind2="0">
      <marc:subfield code="a">Hypnotisøren</marc:subfield>
      <marc:subfield code="h">[Videoupptagning] =</marc:subfield>
      <marc:subfield code="b">The hypnotist /</marc:subfield>
      <marc:subfield code="c">av Lasse Hallstrøm</marc:subfield>
    </marc:datafield>
    <marc:datafield tag="246" ind1="3" ind2="2">
      <marc:subfield code="a">The hypnotist</marc:subfield>
    </marc:datafield>
    <marc:datafield tag="260" ind1=" " ind2=" ">
      <marc:subfield code="c">2012</marc:subfield>
    </marc:datafield>
    <marc:datafield tag="300" ind1=" " ind2=" ">
      <marc:subfield code="a">1 DVD (1 tim., 56 min.) :</marc:subfield>
      <marc:subfield code="b">ljud, frg</marc:subfield>
    </marc:datafield>
    <marc:datafield tag="336" ind1=" " ind2=" ">
      <marc:subfield code="a">two dimensional moving image</marc:subfield>
      <marc:subfield code="b">ti</marc:subfield>
      <marc:subfield code="2">rdacontent</marc:subfield>
    </marc:datafield>
    <marc:datafield tag="337" ind1=" " ind2=" ">
      <marc:subfield code="a">video</marc:subfield>
      <marc:subfield code="b">v</marc:subfield>
      <marc:subfield code="2">rdamedia</marc:subfield>
    </marc:datafield>
    <marc:datafield tag="338" ind1=" " ind2=" ">
      <marc:subfield code="a">videodisc</marc:subfield>
      <marc:subfield code="b">vd</marc:subfield>
      <marc:subfield code="2">rdacarrier</marc:subfield>
    </marc:datafield>
    <marc:datafield tag="546" ind1=" " ind2=" ">
      <marc:subfield code="a">Tal på svenska, textad på engelska</marc:subfield>
    </marc:datafield>
    <marc:datafield tag="630" ind1="0" ind2="4">
      <marc:subfield code="a">Hypnotisøren (SW, Lasse Hallstrøm, 2012)</marc:subfield>
    </marc:datafield>
    <marc:datafield tag="700" ind1="1" ind2=" ">
      <marc:subfield code="a">Hallstrøm, Lasse,</marc:subfield>
      <marc:subfield code="d">1946-</marc:subfield>
      <marc:subfield code="4">drt</marc:subfield>
      <marc:subfield code="1">http://viaf.org/viaf/117459270</marc:subfield>
      <marc:subfield code="0">58967</marc:subfield>
    </marc:datafield>
    <marc:datafield tag="700" ind1="1" ind2=" ">
      <marc:subfield code="a">Kepler</marc:subfield>
      <marc:subfield code="i">adaptation of work</marc:subfield>
      <marc:subfield code="t">Hypnotisøren</marc:subfield>
      <marc:subfield code="1">http://viaf.org/viaf/8113152502986110800001</marc:subfield>
      <marc:subfield code="4">http://www.rdaregistry.info/Elements/w/adaptationofwork.en</marc:subfield>
    </marc:datafield>
  </marc:record>