
  <marc:record>
    <marc:leader>18178cim a22032777i 4500</marc:leader>
    <marc:controlfield tag="001">22409515</marc:controlfield>
    <marc:controlfield tag="003">LIBRIS</marc:controlfield>
    <marc:controlfield tag="005">20181218132539.0</marc:controlfield>
    <marc:controlfield tag="007">sd |||||||||||         </marc:controlfield>
    <marc:controlfield tag="008">180129s2018    sw | ||||||||||f  | swe|c</marc:controlfield>
    <marc:datafield tag="020" ind1=" " ind2=" ">
      <marc:subfield code="a">9789176471456</marc:subfield>
      <marc:subfield code="q">MP3 CD</marc:subfield>
    </marc:datafield>
    <marc:datafield tag="035" ind1=" " ind2=" ">
      <marc:subfield code="a">(BOKR)9789176471456</marc:subfield>
    </marc:datafield>
    <marc:datafield tag="040" ind1=" " ind2=" ">
      <marc:subfield code="a">BOKR</marc:subfield>
      <marc:subfield code="d">Gbg</marc:subfield>
      <marc:subfield code="e">i</marc:subfield>
      <marc:subfield code="e">i</marc:subfield>
    </marc:datafield>
    <marc:datafield tag="041" ind1=" " ind2=" ">
      <marc:subfield code="a">swe</marc:subfield>
    </marc:datafield>
    <marc:datafield tag="082" ind1="0" ind2="4">
      <marc:subfield code="a">839.73</marc:subfield>
      <marc:subfield code="2">22 (machine generated)</marc:subfield>
    </marc:datafield>
    <marc:datafield tag="084" ind1=" " ind2=" ">
      <marc:subfield code="a">Hc.01/LC</marc:subfield>
      <marc:subfield code="2">kssb/8</marc:subfield>
    </marc:datafield>
    <marc:datafield tag="100" ind1="1" ind2=" ">
      <marc:subfield code="a">Kepler, Lars</marc:subfield>
      <marc:subfield code="1">http://viaf.org/viaf/95139216</marc:subfield>
      <marc:subfield code="4">aut</marc:subfield>
      <marc:subfield code="0">https://libris.kb.se/rp36cbw9252wdhc#it</marc:subfield>
    </marc:datafield>
    <marc:datafield tag="240" ind1="1" ind2="0">
      <marc:subfield code="a">Lazarus</marc:subfield>
      <marc:subfield code="l">svensk</marc:subfield>
      <marc:subfield code="1">http://viaf.org/viaf/3811154387452130970003</marc:subfield>
    </marc:datafield>
    <marc:datafield tag="245" ind1="1" ind2="0">
      <marc:subfield code="a">Lazarus.</marc:subfield>
      <marc:subfield code="h">[Ljudupptagning] :</marc:subfield>
      <marc:subfield code="b">kriminalroman /</marc:subfield>
      <marc:subfield code="c">Lars Kepler.</marc:subfield>
    </marc:datafield>
    <marc:datafield tag="264" ind1=" " ind2="1">
      <marc:subfield code="a">Stockholm :</marc:subfield>
      <marc:subfield code="b">Bonnier Audio,</marc:subfield>
      <marc:subfield code="c">2018</marc:subfield>
    </marc:datafield>
    <marc:datafield tag="300" ind1=" " ind2=" ">
      <marc:subfield code="a">1 MP3-CD (17 tim., 40 min.)</marc:subfield>
    </marc:datafield>
    <marc:datafield tag="336" ind1=" " ind2=" ">
      <marc:subfield code="a">spoken word</marc:subfield>
      <marc:subfield code="b">spw</marc:subfield>
      <marc:subfield code="2">rdacontent</marc:subfield>
    </marc:datafield>
    <marc:datafield tag="337" ind1=" " ind2=" ">
      <marc:subfield code="a">audio</marc:subfield>
      <marc:subfield code="b">s</marc:subfield>
      <marc:subfield code="2">rdamedia</marc:subfield>
    </marc:datafield>
    <marc:datafield tag="338" ind1=" " ind2=" ">
      <marc:subfield code="b">d</marc:subfield>
      <marc:subfield code="2">rdacarrier</marc:subfield>
    </marc:datafield>
    <marc:datafield tag="490" ind1="0" ind2=" ">
      <marc:subfield code="a">Joona Linna</marc:subfield>
    </marc:datafield>
    <marc:datafield tag="500" ind1=" " ind2=" ">
      <marc:subfield code="a">Inls̃are: Jonas Malmsjø </marc:subfield>
    </marc:datafield>
    <marc:datafield tag="600" ind1="1" ind2="4">
      <marc:subfield code="a">Linna, Joona</marc:subfield>
      <marc:subfield code="c">(fiktiv gestalt)</marc:subfield>
      <marc:subfield code="0">https://libris.kb.se/b8nr0g4v15n8sh0#it</marc:subfield>
      <marc:subfield code="1">http://viaf.org/viaf/522146284414515331623</marc:subfield>
      <marc:subfield code="4">oth</marc:subfield>
    </marc:datafield>
    <marc:datafield tag="655" ind1=" " ind2="7">
      <marc:subfield code="a">Ljudbc̲ker</marc:subfield>
      <marc:subfield code="0">https://id.kb.se/term/saogf/Ljudb%C3%B6cker</marc:subfield>
      <marc:subfield code="2">saogf</marc:subfield>
    </marc:datafield>
    <marc:datafield tag="655" ind1=" " ind2="7">
      <marc:subfield code="a">Deckare</marc:subfield>
      <marc:subfield code="0">https://id.kb.se/term/saogf/Deckare</marc:subfield>
      <marc:subfield code="2">saogf</marc:subfield>
    </marc:datafield>
    <marc:datafield tag="655" ind1=" " ind2="7">
      <marc:subfield code="a">Romaner</marc:subfield>
      <marc:subfield code="0">https://id.kb.se/term/saogf/Romaner</marc:subfield>
      <marc:subfield code="2">saogf</marc:subfield>
    </marc:datafield>
    <marc:datafield tag="655" ind1=" " ind2="4">
      <marc:subfield code="0">https://id.kb.se/marc/Fiction</marc:subfield>
    </marc:datafield>
    <marc:datafield tag="700" ind1="1" ind2=" ">
      <marc:subfield code="a">Malmsj,̲ Jonas,</marc:subfield>
      <marc:subfield code="d">1971-</marc:subfield>
      <marc:subfield code="1">http://viaf.org/viaf/34442776</marc:subfield>
      <marc:subfield code="4">nrt</marc:subfield>
      <marc:subfield code="0">https://libris.kb.se/1zcglx9k1jt640f#it</marc:subfield>
    </marc:datafield>
  </marc:record>