
  <marc:record>
    <marc:leader>06207cam a2201465 a 4500</marc:leader>
    <marc:controlfield tag="001">17612864</marc:controlfield>
    <marc:controlfield tag="003">LIBRIS</marc:controlfield>
    <marc:controlfield tag="005">20160218143118.0</marc:controlfield>
    <marc:controlfield tag="008">150226s2014    sw |||||d     ||| f swe c</marc:controlfield>
    <marc:datafield tag="020" ind1=" " ind2=" ">
      <marc:subfield code="a">978-91-7541-184-2</marc:subfield>
      <marc:subfield code="q">inb.</marc:subfield>
    </marc:datafield>
    <marc:datafield tag="040" ind1=" " ind2=" ">
      <marc:subfield code="a">Gbg</marc:subfield>
      <marc:subfield code="d">S</marc:subfield>
    </marc:datafield>
    <marc:datafield tag="042" ind1=" " ind2=" ">
      <marc:subfield code="9">NB</marc:subfield>
    </marc:datafield>
    <marc:datafield tag="082" ind1="0" ind2="4">
      <marc:subfield code="a">839.738</marc:subfield>
      <marc:subfield code="2">23/swe</marc:subfield>
    </marc:datafield>
    <marc:datafield tag="084" ind1=" " ind2=" ">
      <marc:subfield code="a">Hc.01</marc:subfield>
      <marc:subfield code="2">kssb/8</marc:subfield>
    </marc:datafield>
    <marc:datafield tag="100" ind1="1" ind2=" ">
      <marc:subfield code="a">Kepler, Lars</marc:subfield>
      <marc:subfield code="0">325449</marc:subfield>
      <marc:subfield code="1">http://viaf.org/viaf/95139216</marc:subfield>
      <marc:subfield code="4">aut</marc:subfield>
    </marc:datafield>
    <marc:datafield tag="240" ind1="1" ind2="0">
      <marc:subfield code="a">Stalker</marc:subfield>
      <marc:subfield code="l">svensk</marc:subfield>
      <marc:subfield code="1">http://viaf.org/viaf/9004152503071310800002</marc:subfield>
    </marc:datafield>
    <marc:datafield tag="245" ind1="1" ind2="0">
      <marc:subfield code="a">Stalker.</marc:subfield>
      <marc:subfield code="n">D. 2 /</marc:subfield>
      <marc:subfield code="c">Lars Kepler</marc:subfield>
    </marc:datafield>
    <marc:datafield tag="250" ind1=" " ind2=" ">
      <marc:subfield code="a">Storstilsutg.</marc:subfield>
    </marc:datafield>
    <marc:datafield tag="260" ind1=" " ind2=" ">
      <marc:subfield code="a">Lund :</marc:subfield>
      <marc:subfield code="b">BTJ, i samarbete med Albert Bonniers fr̲lag,</marc:subfield>
      <marc:subfield code="c">2014</marc:subfield>
      <marc:subfield code="e">(Farsta :</marc:subfield>
      <marc:subfield code="f">BTJ)</marc:subfield>
    </marc:datafield>
    <marc:datafield tag="300" ind1=" " ind2=" ">
      <marc:subfield code="a">447 s. ;</marc:subfield>
      <marc:subfield code="c">23 cm</marc:subfield>
    </marc:datafield>
    <marc:datafield tag="336" ind1=" " ind2=" ">
      <marc:subfield code="a">text</marc:subfield>
      <marc:subfield code="b">txt</marc:subfield>
      <marc:subfield code="2">rdacontent</marc:subfield>
    </marc:datafield>
    <marc:datafield tag="337" ind1=" " ind2=" ">
      <marc:subfield code="a">unmediated</marc:subfield>
      <marc:subfield code="b">n</marc:subfield>
      <marc:subfield code="2">rdamedia</marc:subfield>
    </marc:datafield>
    <marc:datafield tag="338" ind1=" " ind2=" ">
      <marc:subfield code="a">volume</marc:subfield>
      <marc:subfield code="b">nc</marc:subfield>
      <marc:subfield code="2">rdacarrier</marc:subfield>
    </marc:datafield>
    <marc:datafield tag="490" ind1="0" ind2=" ">
      <marc:subfield code="a">BTJ storstilsbocker ;</marc:subfield>
      <marc:subfield code="v">116</marc:subfield>
    </marc:datafield>
    <marc:datafield tag="655" ind1=" " ind2="7">
      <marc:subfield code="a">Skjønlitteratur</marc:subfield>
      <marc:subfield code="2">saogf</marc:subfield>
      <marc:subfield code="0">353512</marc:subfield>
    </marc:datafield>
    <marc:datafield tag="655" ind1=" " ind2="7">
      <marc:subfield code="a">Deckare</marc:subfield>
      <marc:subfield code="2">saogf</marc:subfield>
      <marc:subfield code="0">243976</marc:subfield>
      <marc:subfield code="0">350793</marc:subfield>
    </marc:datafield>
  </marc:record>