
  <marc:record>
    <marc:leader>05218cim a22010457a 4500</marc:leader>
    <marc:controlfield tag="001">9863777</marc:controlfield>
    <marc:controlfield tag="003">LIBRIS</marc:controlfield>
    <marc:controlfield tag="005">20151223092331.0</marc:controlfield>
    <marc:controlfield tag="007">sd |||||||||||         </marc:controlfield>
    <marc:controlfield tag="008">050420s2005    sw | ||||||||||f  | swe|c</marc:controlfield>
    <marc:datafield tag="020" ind1=" " ind2=" ">
      <marc:subfield code="a">9173131547</marc:subfield>
    </marc:datafield>
    <marc:datafield tag="020" ind1=" " ind2=" ">
      <marc:subfield code="a">9789173131544</marc:subfield>
    </marc:datafield>
    <marc:datafield tag="035" ind1=" " ind2=" ">
      <marc:subfield code="5">Bo</marc:subfield>
      <marc:subfield code="a">(Bo)374470</marc:subfield>
    </marc:datafield>
    <marc:datafield tag="035" ind1=" " ind2=" ">
      <marc:subfield code="5">Mo</marc:subfield>
      <marc:subfield code="a">(Mo)b1564307</marc:subfield>
    </marc:datafield>
    <marc:datafield tag="035" ind1=" " ind2=" ">
      <marc:subfield code="5">S</marc:subfield>
      <marc:subfield code="a">AVM002006642</marc:subfield>
    </marc:datafield>
    <marc:datafield tag="040" ind1=" " ind2=" ">
      <marc:subfield code="a">LGEN</marc:subfield>
      <marc:subfield code="d">Hib</marc:subfield>
    </marc:datafield>
    <marc:datafield tag="041" ind1=" " ind2=" ">
      <marc:subfield code="a">swe</marc:subfield>
    </marc:datafield>
    <marc:datafield tag="082" ind1="0" ind2="4">
      <marc:subfield code="a">839.73</marc:subfield>
      <marc:subfield code="2">22 (machine generated)</marc:subfield>
    </marc:datafield>
    <marc:datafield tag="084" ind1=" " ind2=" ">
      <marc:subfield code="a">Hc.01/LC</marc:subfield>
      <marc:subfield code="2">kssb/8</marc:subfield>
    </marc:datafield>
    <marc:datafield tag="084" ind1=" " ind2=" ">
      <marc:subfield code="5">Mo</marc:subfield>
      <marc:subfield code="a">Hc.01/LC</marc:subfield>
      <marc:subfield code="2">kssb/8</marc:subfield>
    </marc:datafield>
    <marc:datafield tag="100" ind1="1" ind2=" ">
      <marc:subfield code="a">Larsson, Stieg,</marc:subfield>
      <marc:subfield code="d">1954-2004</marc:subfield>
      <marc:subfield code="1">http://viaf.org/viaf/54441441</marc:subfield>
      <marc:subfield code="4">aut</marc:subfield>
      <marc:subfield code="0">https://libris.kb.se/vs689k5d108n3lx#it</marc:subfield>
    </marc:datafield>
    <marc:datafield tag="240" ind1="1" ind2="0">
      <marc:subfield code="a">Män som hatar kvinnor</marc:subfield>
      <marc:subfield code="l">Svensk</marc:subfield>
      <marc:subfield code="1">http://viaf.org/viaf/4188148523903220970001</marc:subfield>
    </marc:datafield>
    <marc:datafield tag="245" ind1="1" ind2="0">
      <marc:subfield code="a">Män som hatar kvinnor</marc:subfield>
      <marc:subfield code="h">[Ljudupptagning] /</marc:subfield>
      <marc:subfield code="c">Stieg Larsson.</marc:subfield>
    </marc:datafield>
    <marc:datafield tag="264" ind1=" " ind2="1">
      <marc:subfield code="a">Stockholm :</marc:subfield>
      <marc:subfield code="b">Norstedts Audio,</marc:subfield>
      <marc:subfield code="c">2005</marc:subfield>
    </marc:datafield>
    <marc:datafield tag="300" ind1=" " ind2=" ">
      <marc:subfield code="a">16 CD (ca 19 tim.)</marc:subfield>
    </marc:datafield>
    <marc:datafield tag="336" ind1=" " ind2=" ">
      <marc:subfield code="a">spoken word</marc:subfield>
      <marc:subfield code="b">spw</marc:subfield>
      <marc:subfield code="2">rdacontent</marc:subfield>
      <marc:subfield code="1">http://rdaregistry.info/termList/RDAContentType/1013 </marc:subfield>
    </marc:datafield>
    <marc:datafield tag="337" ind1=" " ind2=" ">
      <marc:subfield code="a">audio</marc:subfield>
      <marc:subfield code="b">s</marc:subfield>
      <marc:subfield code="2">rdamedia</marc:subfield>
    </marc:datafield>
    <marc:datafield tag="338" ind1=" " ind2=" ">
      <marc:subfield code="a">audio disc</marc:subfield>
      <marc:subfield code="b">sd</marc:subfield>
      <marc:subfield code="2">rdacarrier</marc:subfield>
    </marc:datafield>
    <marc:datafield tag="490" ind1="0" ind2=" ">
      <marc:subfield code="a">Millennium</marc:subfield>
    </marc:datafield>
    <marc:datafield tag="511" ind1="0" ind2=" ">
      <marc:subfield code="a">Inläsare: Reine Brynolfsson</marc:subfield>
    </marc:datafield>
    <marc:datafield tag="538" ind1=" " ind2=" ">
      <marc:subfield code="5">Mo</marc:subfield>
      <marc:subfield code="a">Systemkrav: MP3-kompatibel spelare</marc:subfield>
    </marc:datafield>
    <marc:datafield tag="541" ind1=" " ind2=" ">
      <marc:subfield code="5">S</marc:subfield>
      <marc:subfield code="a">Liber distribution, Spänga</marc:subfield>
      <marc:subfield code="d">2005-08-01</marc:subfield>
    </marc:datafield>
    <marc:datafield tag="650" ind1=" " ind2="7">
      <marc:subfield code="5">Hib</marc:subfield>
      <marc:subfield code="a">Ljudböcker</marc:subfield>
      <marc:subfield code="x">CD</marc:subfield>
      <marc:subfield code="2">sao</marc:subfield>
    </marc:datafield>
    <marc:datafield tag="653" ind1=" " ind2="0">
      <marc:subfield code="5">Mo</marc:subfield>
      <marc:subfield code="a">Skönlitteratur</marc:subfield>
    </marc:datafield>
    <marc:datafield tag="653" ind1=" " ind2="0">
      <marc:subfield code="5">Mo</marc:subfield>
      <marc:subfield code="a">Spänning</marc:subfield>
    </marc:datafield>
    <marc:datafield tag="655" ind1=" " ind2="4">
      <marc:subfield code="5">Mo</marc:subfield>
      <marc:subfield code="a">Ljudbok mp3</marc:subfield>
    </marc:datafield>
  </marc:record>