
  <marc:record>
    <marc:leader>03862nam a2200541 a 450 </marc:leader>
    <marc:controlfield tag="001">0401266</marc:controlfield>
    <marc:controlfield tag="008">120507b                          1 mul  </marc:controlfield>
    <marc:datafield tag="015" ind1=" " ind2=" ">
      <marc:subfield code="a">0280726</marc:subfield>
    </marc:datafield>
    <marc:datafield tag="015" ind1=" " ind2=" ">
      <marc:subfield code="a">9258076</marc:subfield>
    </marc:datafield>
    <marc:datafield tag="020" ind1=" " ind2=" ">
      <marc:subfield code="c">Nkr 195.00</marc:subfield>
    </marc:datafield>
    <marc:datafield tag="041" ind1=" " ind2=" ">
      <marc:subfield code="a">eng</marc:subfield>
      <marc:subfield code="b">nobdanswefineng</marc:subfield>
      <marc:subfield code="h">eng</marc:subfield>
    </marc:datafield>
    <marc:datafield tag="082" ind1="1" ind2="4">
      <marc:subfield code="2">5</marc:subfield>
    </marc:datafield>
    <marc:datafield tag="240" ind1="1" ind2="0">
      <marc:subfield code="a">The Girl with the dragon tattoo</marc:subfield>
      <marc:subfield code="l">Engelsk</marc:subfield>
      <marc:subfield code="1">http://viaf.org/viaf/2955151002106230280003</marc:subfield>
    </marc:datafield>
    <marc:datafield tag="245" ind1="0" ind2="4">
      <marc:subfield code="a">The Girl with the dragon tattoo /</marc:subfield>
      <marc:subfield code="c">screenplay by Steven Zaillian ; directed by David Fincher</marc:subfield>
      <marc:subfield code="h">video - DVD</marc:subfield>
    </marc:datafield>
    <marc:datafield tag="260" ind1=" " ind2=" ">
      <marc:subfield code="a">[Oslo] :</marc:subfield>
      <marc:subfield code="b">Sony Pictures Home Entertainment,</marc:subfield>
      <marc:subfield code="c">2012</marc:subfield>
    </marc:datafield>
    <marc:datafield tag="300" ind1=" " ind2=" ">
      <marc:subfield code="a">1 DVD (2 t, 32 min) :</marc:subfield>
      <marc:subfield code="b">lyd, kol.</marc:subfield>
    </marc:datafield>
    <marc:datafield tag="336" ind1=" " ind2=" ">
      <marc:subfield code="a">two dimensional moving image</marc:subfield>
      <marc:subfield code="b">ti</marc:subfield>
      <marc:subfield code="2">rdacontent</marc:subfield>
    </marc:datafield>
    <marc:datafield tag="337" ind1=" " ind2=" ">
      <marc:subfield code="a">video</marc:subfield>
      <marc:subfield code="b">v</marc:subfield>
      <marc:subfield code="2">rdamedia</marc:subfield>
    </marc:datafield>
    <marc:datafield tag="338" ind1=" " ind2=" ">
      <marc:subfield code="a">videodisc</marc:subfield>
      <marc:subfield code="b">vd</marc:subfield>
      <marc:subfield code="2">rdacarrier</marc:subfield>
    </marc:datafield>
    <marc:datafield tag="440" ind1=" " ind2="0">
      <marc:subfield code="a">Millennium-trilogien</marc:subfield>
    </marc:datafield>
    <marc:datafield tag="500" ind1=" " ind2=" ">
      <marc:subfield code="a">Basert på boken: Menn som hater kvinner / Stieg Larsson</marc:subfield>
    </marc:datafield>
    <marc:datafield tag="503" ind1=" " ind2=" ">
      <marc:subfield code="a">Produksjonsår: 2011</marc:subfield>
    </marc:datafield>
    <marc:datafield tag="511" ind1="0" ind2=" ">
      <marc:subfield code="a">I rollene: Daniel Craig, Rooney Mara, Christopher Plummer m.fl.</marc:subfield>
    </marc:datafield>
    <marc:datafield tag="521" ind1=" " ind2=" ">
      <marc:subfield code="a">Aldersgrense 15 år</marc:subfield>
    </marc:datafield>
    <marc:datafield tag="534" ind1=" " ind2=" ">
      <marc:subfield code="a">Originaltittel: The Girl with the dragon tattoo</marc:subfield>
    </marc:datafield>
    <marc:datafield tag="650" ind1="2" ind2="4">
      <marc:subfield code="a">Blomkvist, Mikael</marc:subfield>
      <marc:subfield code="2">BS</marc:subfield>
      <marc:subfield code="'1">http://viaf.org/viaf/441146284370915331333</marc:subfield>
      <marc:subfield code="4">oth</marc:subfield>
    </marc:datafield>
    <marc:datafield tag="650" ind1="2" ind2="4">
      <marc:subfield code="a">Salander, Lisbeth</marc:subfield>
      <marc:subfield code="2">BS</marc:subfield>
      <marc:subfield code="'1">http://viaf.org/viaf/74146284378315331317</marc:subfield>
      <marc:subfield code="4">oth</marc:subfield>
    </marc:datafield>
    <marc:datafield tag="655" ind1=" " ind2=" ">
      <marc:subfield code="a">Filmatisert bok</marc:subfield>
      <marc:subfield code="2">BS</marc:subfield>
    </marc:datafield>
    <marc:datafield tag="655" ind1=" " ind2=" ">
      <marc:subfield code="a">Kriminal</marc:subfield>
      <marc:subfield code="2">BS</marc:subfield>
    </marc:datafield>
    <marc:datafield tag="655" ind1=" " ind2=" ">
      <marc:subfield code="a">Spillefilm</marc:subfield>
      <marc:subfield code="z">USA</marc:subfield>
      <marc:subfield code="2">BS</marc:subfield>
    </marc:datafield>
    <marc:datafield tag="700" ind1=" " ind2=" ">
      <marc:subfield code="a">Craig, Daniel,</marc:subfield>
      <marc:subfield code="d">1968-,</marc:subfield>
      <marc:subfield code="e">skuesp.</marc:subfield>
      <marc:subfield code="1">http://viaf.org/viaf/56819390</marc:subfield>
      <marc:subfield code="4">act</marc:subfield>
    </marc:datafield>
    <marc:datafield tag="700" ind1=" " ind2=" ">
      <marc:subfield code="a">Fincher, David,</marc:subfield>
      <marc:subfield code="d">1962-,</marc:subfield>
      <marc:subfield code="e">regissør</marc:subfield>
      <marc:subfield code="1">http://viaf.org/viaf/32189355</marc:subfield>
      <marc:subfield code="4">fmd</marc:subfield>
    </marc:datafield>
    <marc:datafield tag="700" ind1=" " ind2=" ">
      <marc:subfield code="a">Larsson, Stieg,</marc:subfield>
      <marc:subfield code="d">1954-2004,</marc:subfield>
      <marc:subfield code="e">forf.,</marc:subfield>
      <marc:subfield code="t">Menn som hater kvinner</marc:subfield>
      <marc:subfield code="1">http://viaf.org/viaf/808145424595586830761</marc:subfield>
      <marc:subfield code="4">http://rdaregistry.info/Elements/w/dramatizationOfWork.en</marc:subfield>
    </marc:datafield>
    <marc:datafield tag="700" ind1=" " ind2=" ">
      <marc:subfield code="a">Mara, Rooney,</marc:subfield>
      <marc:subfield code="d">1985-,</marc:subfield>
      <marc:subfield code="e">skuesp.</marc:subfield>
      <marc:subfield code="1">http://viaf.org/viaf/107450806</marc:subfield>
      <marc:subfield code="4">act</marc:subfield>
    </marc:datafield>
    <marc:datafield tag="700" ind1=" " ind2=" ">
      <marc:subfield code="a">Plummer, Christopher,</marc:subfield>
      <marc:subfield code="d">1929-,</marc:subfield>
      <marc:subfield code="e">skuesp.</marc:subfield>
      <marc:subfield code="1">http://viaf.org/viaf/34644274</marc:subfield>
      <marc:subfield code="4">act</marc:subfield>
    </marc:datafield>
    <marc:datafield tag="700" ind1=" " ind2=" ">
      <marc:subfield code="a">Zaillian, Steven,</marc:subfield>
      <marc:subfield code="d">1953-,</marc:subfield>
      <marc:subfield code="e">manusforf.</marc:subfield>
      <marc:subfield code="1">http://viaf.org/viaf/85096914</marc:subfield>
      <marc:subfield code="4">aus</marc:subfield>
    </marc:datafield>
  </marc:record>