
  <marc:record>
    <marc:leader>01305nam a2200301 a 450 </marc:leader>
    <marc:controlfield tag="001">0327527</marc:controlfield>
    <marc:controlfield tag="008">101210b                          1 nob  </marc:controlfield>
    <marc:datafield tag="015" ind1=" " ind2=" ">
      <marc:subfield code="a">1631428</marc:subfield>
    </marc:datafield>
    <marc:datafield tag="041" ind1=" " ind2=" ">
      <marc:subfield code="a">nob</marc:subfield>
      <marc:subfield code="b">nob</marc:subfield>
    </marc:datafield>
    <marc:datafield tag="240" ind1="1" ind2="0">
      <marc:subfield code="a">Honningfwellen</marc:subfield>
      <marc:subfield code="l">Norsk</marc:subfield>
      <marc:subfield code="1">http://viaf.org/viaf/5596155105783076320005</marc:subfield>
    </marc:datafield>
    <marc:datafield tag="245" ind1="0" ind2="0">
      <marc:subfield code="a">Honningfellen /</marc:subfield>
      <marc:subfield code="c">regi: Per-Olav Sørensen</marc:subfield>
      <marc:subfield code="h">DVD</marc:subfield>
    </marc:datafield>
    <marc:datafield tag="260" ind1=" " ind2=" ">
      <marc:subfield code="a">Oslo :</marc:subfield>
      <marc:subfield code="b">Nordisk Film,</marc:subfield>
      <marc:subfield code="c">2010</marc:subfield>
    </marc:datafield>
    <marc:datafield tag="300" ind1=" " ind2=" ">
      <marc:subfield code="a">1 DVD :</marc:subfield>
      <marc:subfield code="b">lyd, kol.</marc:subfield>
    </marc:datafield>
    <marc:datafield tag="336" ind1=" " ind2=" ">
      <marc:subfield code="a">two dimensional moving image</marc:subfield>
      <marc:subfield code="b">ti</marc:subfield>
      <marc:subfield code="2">rdacontent</marc:subfield>
    </marc:datafield>
    <marc:datafield tag="337" ind1=" " ind2=" ">
      <marc:subfield code="a">video</marc:subfield>
      <marc:subfield code="b">v</marc:subfield>
      <marc:subfield code="2">rdamedia</marc:subfield>
    </marc:datafield>
    <marc:datafield tag="338" ind1=" " ind2=" ">
      <marc:subfield code="a">videodisc</marc:subfield>
      <marc:subfield code="b">vd</marc:subfield>
      <marc:subfield code="2">rdacarrier</marc:subfield>
    </marc:datafield>
    <marc:datafield tag="500" ind1=" " ind2=" ">
      <marc:subfield code="a">Basert p:̄ Honningfellen / Unni Lindell</marc:subfield>
    </marc:datafield>
    <marc:datafield tag="500" ind1=" " ind2=" ">
      <marc:subfield code="a">Art.nr.: DVD 100454</marc:subfield>
    </marc:datafield>
    <marc:datafield tag="503" ind1=" " ind2=" ">
      <marc:subfield code="a">Filmen laget: 2009</marc:subfield>
    </marc:datafield>
    <marc:datafield tag="511" ind1="0" ind2=" ">
      <marc:subfield code="a">I hovedrollen: Reidar Sørensen</marc:subfield>
    </marc:datafield>
    <marc:datafield tag="521" ind1=" " ind2=" ">
      <marc:subfield code="a">Aldersgrense: 15 r̄</marc:subfield>
    </marc:datafield>
    <marc:datafield tag="655" ind1=" " ind2=" ">
      <marc:subfield code="a">Filmatisert bok</marc:subfield>
    </marc:datafield>
    <marc:datafield tag="655" ind1=" " ind2=" ">
      <marc:subfield code="a">Krim</marc:subfield>
    </marc:datafield>
    <marc:datafield tag="655" ind1=" " ind2=" ">
      <marc:subfield code="a">Spillefilmer. Norske</marc:subfield>
    </marc:datafield>
    <marc:datafield tag="700" ind1=" " ind2=" ">
      <marc:subfield code="a">Lindell, Unni,</marc:subfield>
      <marc:subfield code="d">1957-,</marc:subfield>
      <marc:subfield code="e">forf.,</marc:subfield>
      <marc:subfield code="t">Honningfellen</marc:subfield>
    </marc:datafield>
    <marc:datafield tag="700" ind1=" " ind2=" ">
      <marc:subfield code="a">Sørensen, Per-Olav,</marc:subfield>
      <marc:subfield code="d">1963-,</marc:subfield>
      <marc:subfield code="e">reg.</marc:subfield>
      <marc:subfield code="1">http://viaf.org/viaf/261817095</marc:subfield>
      <marc:subfield code="4">drt</marc:subfield>
    </marc:datafield>
    <marc:datafield tag="700" ind1=" " ind2=" ">
      <marc:subfield code="a">Sørensen, Reidar Falck,</marc:subfield>
      <marc:subfield code="d">1956-,</marc:subfield>
      <marc:subfield code="e">skuesp.</marc:subfield>
      <marc:subfield code="1">http://viaf.org/viaf/221749526</marc:subfield>
      <marc:subfield code="4">act</marc:subfield>
    </marc:datafield>
    <marc:datafield tag="700" ind1="1" ind2=" ">
      <marc:subfield code="a">Lindell, Unni</marc:subfield>
      <marc:subfield code="i">adaptation of work</marc:subfield>
      <marc:subfield code="t">Honningfellen</marc:subfield>
      <marc:subfield code="1">http://viaf.org/viaf/5596155105783076320005</marc:subfield>
      <marc:subfield code="4">http://www.rdaregistry.info/Elements/w/adaptationofwork.en</marc:subfield>
    </marc:datafield>
  </marc:record>