
  <marc:record>
    <marc:leader>01399nim a2200421 a 4500</marc:leader>
    <marc:controlfield tag="001">12451648</marc:controlfield>
    <marc:controlfield tag="003">LIBRIS</marc:controlfield>
    <marc:controlfield tag="005">20111212140018.0</marc:controlfield>
    <marc:controlfield tag="007">sd||||||||||||</marc:controlfield>
    <marc:controlfield tag="007">co||||||||||||</marc:controlfield>
    <marc:controlfield tag="008">111212s2006    sw nnn| q|||||||| n swe  </marc:controlfield>
    <marc:datafield tag="028" ind1="0" ind2="1">
      <marc:subfield code="a">PIRCD 30 :</marc:subfield>
      <marc:subfield code="b">Piratfr̲laget</marc:subfield>
    </marc:datafield>
    <marc:datafield tag="035" ind1=" " ind2=" ">
      <marc:subfield code="a">AVM002025144bp2</marc:subfield>
    </marc:datafield>
    <marc:datafield tag="035" ind1=" " ind2=" ">
      <marc:subfield code="5">S</marc:subfield>
      <marc:subfield code="a">AVM002025144bp2</marc:subfield>
    </marc:datafield>
    <marc:datafield tag="040" ind1=" " ind2=" ">
      <marc:subfield code="a">S</marc:subfield>
    </marc:datafield>
    <marc:datafield tag="042" ind1=" " ind2=" ">
      <marc:subfield code="9">NB</marc:subfield>
    </marc:datafield>
    <marc:datafield tag="082" ind1="0" ind2="4">
      <marc:subfield code="a">839.73</marc:subfield>
      <marc:subfield code="2">22 (machine generated)</marc:subfield>
    </marc:datafield>
    <marc:datafield tag="084" ind1=" " ind2=" ">
      <marc:subfield code="a">Hc.01</marc:subfield>
      <marc:subfield code="2">kssb/8</marc:subfield>
    </marc:datafield>
    <marc:datafield tag="100" ind1="1" ind2=" ">
      <marc:subfield code="a">Lindell, Unni</marc:subfield>
      <marc:subfield code="1">http://viaf.org/viaf/64065917</marc:subfield>
      <marc:subfield code="4">aut</marc:subfield>
    </marc:datafield>
    <marc:datafield tag="240" ind1="1" ind2="0">
      <marc:subfield code="a">Orkestergraven</marc:subfield>
      <marc:subfield code="l">Svenska</marc:subfield>
      <marc:subfield code="1">http://viaf.org/viaf/306528464</marc:subfield>
    </marc:datafield>
    <marc:datafield tag="245" ind1="1" ind2="0">
      <marc:subfield code="a">Orkestergraven</marc:subfield>
      <marc:subfield code="h">[Elektronisk resurs] /</marc:subfield>
      <marc:subfield code="c">Unni Lindell</marc:subfield>
    </marc:datafield>
    <marc:datafield tag="260" ind1=" " ind2=" ">
      <marc:subfield code="a">Stockholm :</marc:subfield>
      <marc:subfield code="b">Unni Lindell :</marc:subfield>
      <marc:subfield code="b">Piratforlaget ,</marc:subfield>
      <marc:subfield code="c">p 2006</marc:subfield>
    </marc:datafield>
    <marc:datafield tag="300" ind1=" " ind2=" ">
      <marc:subfield code="a">1 CD (MPEG-1 layer3) (10 tim., 30 min.) :</marc:subfield>
      <marc:subfield code="b">stereo</marc:subfield>
    </marc:datafield>
    <marc:datafield tag="336" ind1=" " ind2=" ">
      <marc:subfield code="a">text</marc:subfield>
      <marc:subfield code="b">txt</marc:subfield>
      <marc:subfield code="2">rdacontent</marc:subfield>
    </marc:datafield>
    <marc:datafield tag="337" ind1=" " ind2=" ">
      <marc:subfield code="a">computer</marc:subfield>
      <marc:subfield code="b">c</marc:subfield>
      <marc:subfield code="2">rdamedia</marc:subfield>
    </marc:datafield>
    <marc:datafield tag="338" ind1=" " ind2=" ">
      <marc:subfield code="b">r</marc:subfield>
      <marc:subfield code="b">s</marc:subfield>
      <marc:subfield code="b">o</marc:subfield>
      <marc:subfield code="2">rdacarrier</marc:subfield>
      <marc:subfield code="2">rdacarrier</marc:subfield>
      <marc:subfield code="2">rdacarrier</marc:subfield>
    </marc:datafield>
    <marc:datafield tag="541" ind1=" " ind2=" ">
      <marc:subfield code="5">S</marc:subfield>
      <marc:subfield code="a">Forlagssystem AB, Falun</marc:subfield>
      <marc:subfield code="d">2006-04-05</marc:subfield>
    </marc:datafield>
    <marc:datafield tag="655" ind1=" " ind2="7">
      <marc:subfield code="a">Ljudbc̲ker</marc:subfield>
      <marc:subfield code="2">saogf</marc:subfield>
      <marc:subfield code="0">347758</marc:subfield>
    </marc:datafield>
    <marc:datafield tag="700" ind1="1" ind2=" ">
      <marc:subfield code="a">Fred, Gunnel</marc:subfield>
      <marc:subfield code="1">http://viaf.org/viaf/44241198</marc:subfield>
      <marc:subfield code="4">nrt</marc:subfield>
    </marc:datafield>
  </marc:record>