
  <marc:record>
    <marc:leader>01271nam a2200277 a 450 </marc:leader>
    <marc:controlfield tag="001">0207043</marc:controlfield>
    <marc:controlfield tag="008">051018b                          1 nob  </marc:controlfield>
    <marc:datafield tag="015" ind1=" " ind2=" ">
      <marc:subfield code="a">870556</marc:subfield>
    </marc:datafield>
    <marc:datafield tag="020" ind1=" " ind2=" ">
      <marc:subfield code="a">82-421-1697-0</marc:subfield>
    </marc:datafield>
    <marc:datafield tag="020" ind1=" " ind2=" ">
      <marc:subfield code="a">978-82-421-1697-0</marc:subfield>
    </marc:datafield>
    <marc:datafield tag="100" ind1=" " ind2=" ">
      <marc:subfield code="a">Lindell, Unni,</marc:subfield>
      <marc:subfield code="d">1957-</marc:subfield>
      <marc:subfield code="1">http://viaf.org/viaf/64065917</marc:subfield>
      <marc:subfield code="4">aut</marc:subfield>
    </marc:datafield>
    <marc:datafield tag="240" ind1="1" ind2="0">
      <marc:subfield code="a">Orkestergraven</marc:subfield>
      <marc:subfield code="l">Norsk</marc:subfield>
      <marc:subfield code="1">http://viaf.org/viaf/306986472</marc:subfield>
    </marc:datafield>
    <marc:datafield tag="245" ind1="1" ind2="0">
      <marc:subfield code="a">Orkestergraven /</marc:subfield>
      <marc:subfield code="c">Unni Lindell</marc:subfield>
      <marc:subfield code="h">lydopptak</marc:subfield>
    </marc:datafield>
    <marc:datafield tag="260" ind1=" " ind2=" ">
      <marc:subfield code="a">[Melhus] :</marc:subfield>
      <marc:subfield code="b">Lydbokforl.,</marc:subfield>
      <marc:subfield code="c">2005</marc:subfield>
    </marc:datafield>
    <marc:datafield tag="300" ind1=" " ind2=" ">
      <marc:subfield code="a">8 kompaktplater (9 t, 49 min) ;</marc:subfield>
      <marc:subfield code="c">i eske</marc:subfield>
    </marc:datafield>
    <marc:datafield tag="336" ind1=" " ind2=" ">
      <marc:subfield code="a">spoken word</marc:subfield>
      <marc:subfield code="b">spw</marc:subfield>
      <marc:subfield code="2">rdacontent</marc:subfield>
    </marc:datafield>
    <marc:datafield tag="337" ind1=" " ind2=" ">
      <marc:subfield code="a">audio</marc:subfield>
      <marc:subfield code="b">snd</marc:subfield>
      <marc:subfield code="2">rdamedia</marc:subfield>
    </marc:datafield>
    <marc:datafield tag="338" ind1=" " ind2=" ">
      <marc:subfield code="b">audio disc</marc:subfield>
      <marc:subfield code="2">rdacarrier</marc:subfield>
    </marc:datafield>
    <marc:datafield tag="511" ind1="0" ind2=" ">
      <marc:subfield code="a">Lest av Håkon Ramstad</marc:subfield>
    </marc:datafield>
    <marc:datafield tag="655" ind1=" " ind2=" ">
      <marc:subfield code="a">Krim</marc:subfield>
    </marc:datafield>
    <marc:datafield tag="700" ind1=" " ind2=" ">
      <marc:subfield code="a">Ramstad, Håkon,</marc:subfield>
      <marc:subfield code="d">1957-,</marc:subfield>
      <marc:subfield code="e">innl.</marc:subfield>
      <marc:subfield code="1">http://viaf.org/viaf/222182106</marc:subfield>
      <marc:subfield code="4">nrt</marc:subfield>
    </marc:datafield>
  </marc:record>