
  <marc:record>
    <marc:leader>03607nam a2200565 a 450 </marc:leader>
    <marc:controlfield tag="001">0531411</marc:controlfield>
    <marc:controlfield tag="008">180222b                          1 nob  </marc:controlfield>
    <marc:datafield tag="015" ind1=" " ind2=" ">
      <marc:subfield code="a">10892494</marc:subfield>
    </marc:datafield>
    <marc:datafield tag="020" ind1=" " ind2=" ">
      <marc:subfield code="a">978-82-338-0030-7</marc:subfield>
    </marc:datafield>
    <marc:datafield tag="240" ind1="1" ind2="0">
      <marc:subfield code="a">Påskekrim 2018</marc:subfield>
      <marc:subfield code="l">Svenska</marc:subfield>
    </marc:datafield>
    <marc:datafield tag="245" ind1="0" ind2="0">
      <marc:subfield code="a">Påskekrim 2018 :</marc:subfield>
      <marc:subfield code="b">17 kriminalnoveller /</marc:subfield>
      <marc:subfield code="c">av Anne B. Ragde ... [et al.]</marc:subfield>
    </marc:datafield>
    <marc:datafield tag="260" ind1=" " ind2=" ">
      <marc:subfield code="a">Oslo :</marc:subfield>
      <marc:subfield code="b">Juritzen,</marc:subfield>
      <marc:subfield code="c">2018</marc:subfield>
    </marc:datafield>
    <marc:datafield tag="300" ind1=" " ind2=" ">
      <marc:subfield code="a">376 s.</marc:subfield>
    </marc:datafield>
    <marc:datafield tag="300" ind1=" " ind2=" ">
      <marc:subfield code="a">616 s.</marc:subfield>
      <marc:subfield code="c">18 cm</marc:subfield>
    </marc:datafield>
    <marc:datafield tag="336" ind1=" " ind2=" ">
      <marc:subfield code="a">text</marc:subfield>
      <marc:subfield code="b">txt</marc:subfield>
      <marc:subfield code="2">rdacontent</marc:subfield>
    </marc:datafield>
    <marc:datafield tag="337" ind1=" " ind2=" ">
      <marc:subfield code="a">unmediated</marc:subfield>
      <marc:subfield code="b">n</marc:subfield>
      <marc:subfield code="2">rdamedia</marc:subfield>
    </marc:datafield>
    <marc:datafield tag="338" ind1=" " ind2=" ">
      <marc:subfield code="a">volume</marc:subfield>
      <marc:subfield code="b">nc</marc:subfield>
      <marc:subfield code="2">rdacarrier</marc:subfield>
    </marc:datafield>
    <marc:datafield tag="505" ind1="1" ind2=" ">
      <marc:subfield code="a">Har bibliografi</marc:subfield>
    </marc:datafield>
    <marc:datafield tag="505" ind1="1" ind2=" ">
      <marc:subfield code="a">Inneholder 17 noveller</marc:subfield>
    </marc:datafield>
    <marc:datafield tag="655" ind1=" " ind2=" ">
      <marc:subfield code="a">Antologier</marc:subfield>
    </marc:datafield>
    <marc:datafield tag="655" ind1=" " ind2=" ">
      <marc:subfield code="a">Krim</marc:subfield>
    </marc:datafield>
    <marc:datafield tag="700" ind1=" " ind2=" ">
      <marc:subfield code="a">Bjerkli, Myriam H.,</marc:subfield>
      <marc:subfield code="d">1963-,</marc:subfield>
      <marc:subfield code="e">forf.,</marc:subfield>
      <marc:subfield code="t">Hjemkomsten</marc:subfield>
      <marc:subfield code="1">http://viaf.org/viaf/227824350</marc:subfield>
      <marc:subfield code="4">aut</marc:subfield>
    </marc:datafield>
    <marc:datafield tag="700" ind1=" " ind2=" ">
      <marc:subfield code="a">Bjør̜nson, Bjør̜nstjerne,</marc:subfield>
      <marc:subfield code="d">1832-1910,</marc:subfield>
      <marc:subfield code="e">forf.,</marc:subfield>
      <marc:subfield code="t">Et stygt barndomsminne</marc:subfield>
      <marc:subfield code="1">http://viaf.org/viaf/295290572</marc:subfield>
      <marc:subfield code="4">aut</marc:subfield>
    </marc:datafield>
    <marc:datafield tag="700" ind1=" " ind2=" ">
      <marc:subfield code="a">Bruun, Anthon,</marc:subfield>
      <marc:subfield code="e">forf.,</marc:subfield>
      <marc:subfield code="t">Urr̜lig</marc:subfield>
      <marc:subfield code="1">http://viaf.org/viaf/101149294081980520469</marc:subfield>
      <marc:subfield code="4">aut</marc:subfield>
    </marc:datafield>
    <marc:datafield tag="700" ind1=" " ind2=" ">
      <marc:subfield code="a">Christensen, Lars Saabye,</marc:subfield>
      <marc:subfield code="d">1953-,</marc:subfield>
      <marc:subfield code="e">forf.,</marc:subfield>
      <marc:subfield code="t">Bandittene</marc:subfield>
      <marc:subfield code="1">http://viaf.org/viaf/9979418</marc:subfield>
      <marc:subfield code="4">aut</marc:subfield>
    </marc:datafield>
    <marc:datafield tag="700" ind1=" " ind2=" ">
      <marc:subfield code="a">Damhaug, Torkil,</marc:subfield>
      <marc:subfield code="d">1958-,</marc:subfield>
      <marc:subfield code="e">forf.,</marc:subfield>
      <marc:subfield code="t">Gjettelek</marc:subfield>
      <marc:subfield code="1">http://viaf.org/viaf/70129020</marc:subfield>
      <marc:subfield code="4">aut</marc:subfield>
    </marc:datafield>
    <marc:datafield tag="700" ind1=" " ind2=" ">
      <marc:subfield code="a">Doyle, Arthur Conan,</marc:subfield>
      <marc:subfield code="d">1859-1930,</marc:subfield>
      <marc:subfield code="e">forf.,</marc:subfield>
      <marc:subfield code="t">Den brune hn̄den</marc:subfield>
      <marc:subfield code="1">http://viaf.org/viaf/65283845</marc:subfield>
      <marc:subfield code="4">aut</marc:subfield>
    </marc:datafield>
    <marc:datafield tag="700" ind1=" " ind2=" ">
      <marc:subfield code="a">Gørvell, Knut,</marc:subfield>
      <marc:subfield code="e">forf.,</marc:subfield>
      <marc:subfield code="t">Et lite bitt, elskede</marc:subfield>
      <marc:subfield code="1">http://viaf.org/viaf/26235293</marc:subfield>
      <marc:subfield code="4">aut</marc:subfield>
    </marc:datafield>
    <marc:datafield tag="700" ind1=" " ind2=" ">
      <marc:subfield code="a">Hagerup, Helge,</marc:subfield>
      <marc:subfield code="d">1933-2008,</marc:subfield>
      <marc:subfield code="e">forf.,</marc:subfield>
      <marc:subfield code="t">En fredsommelig ektemann</marc:subfield>
      <marc:subfield code="1">http://viaf.org/viaf/40656279</marc:subfield>
      <marc:subfield code="4">aut</marc:subfield>
    </marc:datafield>
    <marc:datafield tag="700" ind1=" " ind2=" ">
      <marc:subfield code="a">Johanssen, Steffen,</marc:subfield>
      <marc:subfield code="d">1939-,</marc:subfield>
      <marc:subfield code="e">forf.,</marc:subfield>
      <marc:subfield code="t">Det greieste for alle</marc:subfield>
      <marc:subfield code="1">http://viaf.org/viaf/224292959</marc:subfield>
      <marc:subfield code="4">aut</marc:subfield>
    </marc:datafield>
    <marc:datafield tag="700" ind1=" " ind2=" ">
      <marc:subfield code="a">Jæger, Jørgen,</marc:subfield>
      <marc:subfield code="d">1946-,</marc:subfield>
      <marc:subfield code="e">forf.,</marc:subfield>
      <marc:subfield code="t">Post Morten</marc:subfield>
      <marc:subfield code="1">http://viaf.org/viaf/274742985</marc:subfield>
      <marc:subfield code="4">aut</marc:subfield>
    </marc:datafield>
    <marc:datafield tag="700" ind1=" " ind2=" ">
      <marc:subfield code="a">Kjølner, Lene Lauritsen,</marc:subfield>
      <marc:subfield code="d">1962-,</marc:subfield>
      <marc:subfield code="e">forf.,</marc:subfield>
      <marc:subfield code="t">Flisespikkeri</marc:subfield>
      <marc:subfield code="1">http://viaf.org/viaf/307207999 </marc:subfield>
      <marc:subfield code="4">aut</marc:subfield>
    </marc:datafield>
    <marc:datafield tag="700" ind1=" " ind2=" ">
      <marc:subfield code="a">Kvam, Lorentz N.,</marc:subfield>
      <marc:subfield code="e">forf.,</marc:subfield>
      <marc:subfield code="t">Pen dame med gullgult hår</marc:subfield>
      <marc:subfield code="1">http://viaf.org/viaf/76036813</marc:subfield>
      <marc:subfield code="4">aut</marc:subfield>
    </marc:datafield>
    <marc:datafield tag="700" ind1=" " ind2=" ">
      <marc:subfield code="a">Lindell, Unni,</marc:subfield>
      <marc:subfield code="d">1957-,</marc:subfield>
      <marc:subfield code="e">forf.,</marc:subfield>
      <marc:subfield code="t">Jeg er ikke farlig</marc:subfield>
      <marc:subfield code="1">http://viaf.org/viaf/64065917</marc:subfield>
      <marc:subfield code="4">aut</marc:subfield>
    </marc:datafield>
    <marc:datafield tag="700" ind1=" " ind2=" ">
      <marc:subfield code="a">Ragde, Anne Birkefeldt,</marc:subfield>
      <marc:subfield code="d">1957-,</marc:subfield>
      <marc:subfield code="e">forf.,</marc:subfield>
      <marc:subfield code="t">Jaktbyttet</marc:subfield>
      <marc:subfield code="1"> http://viaf.org/viaf/107485881</marc:subfield>
      <marc:subfield code="4">aut</marc:subfield>
    </marc:datafield>
    <marc:datafield tag="700" ind1=" " ind2=" ">
      <marc:subfield code="a">Riverton, Stein,</marc:subfield>
      <marc:subfield code="e">forf.,</marc:subfield>
      <marc:subfield code="t">Mordet i D- gate 63</marc:subfield>
      <marc:subfield code="1">http://viaf.org/viaf/56145971387332330455 </marc:subfield>
      <marc:subfield code="4">aut</marc:subfield>
    </marc:datafield>
    <marc:datafield tag="700" ind1=" " ind2=" ">
      <marc:subfield code="a">Sele, Erik Meling,</marc:subfield>
      <marc:subfield code="d">1987-,</marc:subfield>
      <marc:subfield code="e">forf.,</marc:subfield>
      <marc:subfield code="t">Sylvester spanderer</marc:subfield>
      <marc:subfield code="1">http://viaf.org/viaf/226582765</marc:subfield>
      <marc:subfield code="4">aut</marc:subfield>
    </marc:datafield>
    <marc:datafield tag="700" ind1=" " ind2=" ">
      <marc:subfield code="a">Staalesen, Gunnar,</marc:subfield>
      <marc:subfield code="d">1947-,</marc:subfield>
      <marc:subfield code="e">forf.,</marc:subfield>
      <marc:subfield code="t">Ulv! Ulv!</marc:subfield>
      <marc:subfield code="1">http://viaf.org/viaf/115049141</marc:subfield>
      <marc:subfield code="4">aut</marc:subfield>
    </marc:datafield>
  </marc:record>