
  <marc:record>
    <marc:leader>03009cam a2200841 ar4500</marc:leader>
    <marc:controlfield tag="001">9447228</marc:controlfield>
    <marc:controlfield tag="003">LIBRIS</marc:controlfield>
    <marc:controlfield tag="005">20050318083852.0</marc:controlfield>
    <marc:controlfield tag="008">040406s2004    sw ||||      |00| f swe c</marc:controlfield>
    <marc:datafield tag="020" ind1=" " ind2=" ">
      <marc:subfield code="a">91-642-0135-X (inb.)</marc:subfield>
    </marc:datafield>
    <marc:datafield tag="035" ind1=" " ind2=" ">
      <marc:subfield code="5">Mo</marc:subfield>
      <marc:subfield code="a">(Mo)b1535544</marc:subfield>
    </marc:datafield>
    <marc:datafield tag="040" ind1=" " ind2=" ">
      <marc:subfield code="a">LGEN</marc:subfield>
      <marc:subfield code="d">L</marc:subfield>
      <marc:subfield code="d">NB</marc:subfield>
    </marc:datafield>
    <marc:datafield tag="041" ind1="1" ind2=" ">
      <marc:subfield code="a">swe</marc:subfield>
      <marc:subfield code="h">nor</marc:subfield>
    </marc:datafield>
    <marc:datafield tag="042" ind1=" " ind2=" ">
      <marc:subfield code="9">NB</marc:subfield>
    </marc:datafield>
    <marc:datafield tag="082" ind1="0" ind2="4">
      <marc:subfield code="a">839.82</marc:subfield>
      <marc:subfield code="2">22 (machine generated)</marc:subfield>
    </marc:datafield>
    <marc:datafield tag="084" ind1=" " ind2=" ">
      <marc:subfield code="a">Hdb.01=c</marc:subfield>
      <marc:subfield code="2">kssb/7</marc:subfield>
    </marc:datafield>
    <marc:datafield tag="084" ind1=" " ind2=" ">
      <marc:subfield code="5">Mo</marc:subfield>
      <marc:subfield code="a">Hcedb.01</marc:subfield>
      <marc:subfield code="2">kssb/8</marc:subfield>
    </marc:datafield>
    <marc:datafield tag="100" ind1="1" ind2=" ">
      <marc:subfield code="a">Lindell, Unni,</marc:subfield>
      <marc:subfield code="d">1957-</marc:subfield>
      <marc:subfield code="0">218737</marc:subfield>
      <marc:subfield code="1">http://viaf.org/viaf/64065917</marc:subfield>
      <marc:subfield code="4">aut</marc:subfield>
    </marc:datafield>
    <marc:datafield tag="240" ind1="1" ind2="0">
      <marc:subfield code="a">Rødhette.</marc:subfield>
      <marc:subfield code="l">Svenska</marc:subfield>
      <marc:subfield code="1">http://viaf.org/viaf/311901123</marc:subfield>
    </marc:datafield>
    <marc:datafield tag="245" ind1="1" ind2="0">
      <marc:subfield code="a">Rødluvan /</marc:subfield>
      <marc:subfield code="c">Unni Lindell ; oversettelse: Margareta Järnebrand</marc:subfield>
    </marc:datafield>
    <marc:datafield tag="260" ind1=" " ind2=" ">
      <marc:subfield code="a">Stockholm :</marc:subfield>
      <marc:subfield code="b">Piratfr̲l.,</marc:subfield>
      <marc:subfield code="c">2004</marc:subfield>
      <marc:subfield code="e">(Falun :</marc:subfield>
      <marc:subfield code="f">Scandbook)</marc:subfield>
    </marc:datafield>
    <marc:datafield tag="300" ind1=" " ind2=" ">
      <marc:subfield code="a">365, [1] s. ;</marc:subfield>
      <marc:subfield code="c">22 cm</marc:subfield>
    </marc:datafield>
    <marc:datafield tag="300" ind1=" " ind2=" ">
      <marc:subfield code="a">616 s.</marc:subfield>
      <marc:subfield code="c">18 cm</marc:subfield>
    </marc:datafield>
    <marc:datafield tag="336" ind1=" " ind2=" ">
      <marc:subfield code="a">text</marc:subfield>
      <marc:subfield code="b">txt</marc:subfield>
      <marc:subfield code="2">rdacontent</marc:subfield>
    </marc:datafield>
    <marc:datafield tag="337" ind1=" " ind2=" ">
      <marc:subfield code="a">unmediated</marc:subfield>
      <marc:subfield code="b">n</marc:subfield>
      <marc:subfield code="2">rdamedia</marc:subfield>
    </marc:datafield>
    <marc:datafield tag="338" ind1=" " ind2=" ">
      <marc:subfield code="a">volume</marc:subfield>
      <marc:subfield code="b">nc</marc:subfield>
      <marc:subfield code="2">rdacarrier</marc:subfield>
    </marc:datafield>
    <marc:datafield tag="530" ind1=" " ind2=" ">
      <marc:subfield code="a">♯ven utgiven i elektronisk version</marc:subfield>
    </marc:datafield>
    <marc:datafield tag="546" ind1=" " ind2=" ">
      <marc:subfield code="5">Mo</marc:subfield>
      <marc:subfield code="a">svenska</marc:subfield>
    </marc:datafield>
    <marc:datafield tag="653" ind1=" " ind2=" ">
      <marc:subfield code="5">La</marc:subfield>
      <marc:subfield code="a">Kriminalroman</marc:subfield>
    </marc:datafield>
    <marc:datafield tag="653" ind1=" " ind2=" ">
      <marc:subfield code="5">La</marc:subfield>
      <marc:subfield code="a">Deckare</marc:subfield>
    </marc:datafield>
    <marc:datafield tag="653" ind1=" " ind2=" ">
      <marc:subfield code="5">La</marc:subfield>
      <marc:subfield code="a">Norge</marc:subfield>
    </marc:datafield>
    <marc:datafield tag="653" ind1=" " ind2=" ">
      <marc:subfield code="5">Mo</marc:subfield>
      <marc:subfield code="a">Skjønnlitteratur</marc:subfield>
    </marc:datafield>
    <marc:datafield tag="653" ind1=" " ind2=" ">
      <marc:subfield code="5">Mo</marc:subfield>
      <marc:subfield code="a">Deckare</marc:subfield>
    </marc:datafield>
    <marc:datafield tag="655" ind1=" " ind2="4">
      <marc:subfield code="5">Mo</marc:subfield>
      <marc:subfield code="a">Bok</marc:subfield>
    </marc:datafield>
    <marc:datafield tag="700" ind1="1" ind2=" ">
      <marc:subfield code="a">Järnebrand, Margareta,</marc:subfield>
      <marc:subfield code="d">1947-</marc:subfield>
      <marc:subfield code="1">http://viaf.org/viaf/46741108 </marc:subfield>
      <marc:subfield code="4">trl</marc:subfield>
    </marc:datafield>
    <marc:datafield tag="776" ind1="0" ind2=" ">
      <marc:subfield code="t">Rødluvan</marc:subfield>
      <marc:subfield code="d">2004</marc:subfield>
      <marc:subfield code="z">91-642-4053-3</marc:subfield>
      <marc:subfield code="w">9676682</marc:subfield>
    </marc:datafield>
  </marc:record>