
  <marc:record>
    <marc:leader>00804nam a2200205 a 450 </marc:leader>
    <marc:controlfield tag="001">0126576</marc:controlfield>
    <marc:controlfield tag="008">961008b                          1 nob  </marc:controlfield>
    <marc:datafield tag="015" ind1=" " ind2=" ">
      <marc:subfield code="a">572306</marc:subfield>
    </marc:datafield>
    <marc:datafield tag="020" ind1=" " ind2=" ">
      <marc:subfield code="a">82-02-16549-0</marc:subfield>
    </marc:datafield>
    <marc:datafield tag="020" ind1=" " ind2=" ">
      <marc:subfield code="a">82-03-17729-8 :</marc:subfield>
      <marc:subfield code="c">Nkr 268.00</marc:subfield>
    </marc:datafield>
    <marc:datafield tag="100" ind1=" " ind2=" ">
      <marc:subfield code="a">Lindell, Unni,</marc:subfield>
      <marc:subfield code="d">1957-</marc:subfield>
      <marc:subfield code="1">http://viaf.org/viaf/64065917</marc:subfield>
      <marc:subfield code="4">aut</marc:subfield>
    </marc:datafield>
    <marc:datafield tag="240" ind1="1" ind2="0">
      <marc:subfield code="a">Slangebæreren</marc:subfield>
      <marc:subfield code="l">Norsk</marc:subfield>
      <marc:subfield code="1">http://viaf.org/viaf/7311154923758563780004</marc:subfield>
    </marc:datafield>
    <marc:datafield tag="245" ind1="1" ind2="0">
      <marc:subfield code="a">Slangebæreren :</marc:subfield>
      <marc:subfield code="b">kriminalroman /</marc:subfield>
      <marc:subfield code="c">Unni Lindell</marc:subfield>
    </marc:datafield>
    <marc:datafield tag="260" ind1=" " ind2=" ">
      <marc:subfield code="a">Oslo :</marc:subfield>
      <marc:subfield code="b">Aschehoug,</marc:subfield>
      <marc:subfield code="c">1996</marc:subfield>
    </marc:datafield>
    <marc:datafield tag="300" ind1=" " ind2=" ">
      <marc:subfield code="a">408 s.</marc:subfield>
    </marc:datafield>
    <marc:datafield tag="300" ind1=" " ind2=" ">
      <marc:subfield code="a">616 s.</marc:subfield>
      <marc:subfield code="c">18 cm</marc:subfield>
    </marc:datafield>
    <marc:datafield tag="336" ind1=" " ind2=" ">
      <marc:subfield code="a">text</marc:subfield>
      <marc:subfield code="b">txt</marc:subfield>
      <marc:subfield code="2">rdacontent</marc:subfield>
    </marc:datafield>
    <marc:datafield tag="337" ind1=" " ind2=" ">
      <marc:subfield code="a">unmediated</marc:subfield>
      <marc:subfield code="b">n</marc:subfield>
      <marc:subfield code="2">rdamedia</marc:subfield>
    </marc:datafield>
    <marc:datafield tag="338" ind1=" " ind2=" ">
      <marc:subfield code="a">volume</marc:subfield>
      <marc:subfield code="b">nc</marc:subfield>
      <marc:subfield code="2">rdacarrier</marc:subfield>
    </marc:datafield>
    <marc:datafield tag="655" ind1=" " ind2=" ">
      <marc:subfield code="a">Krim</marc:subfield>
    </marc:datafield>
  </marc:record>