
  <marc:record>
    <marc:leader>02236cim a22005057a 4500</marc:leader>
    <marc:controlfield tag="001">11515600</marc:controlfield>
    <marc:controlfield tag="003">LIBRIS</marc:controlfield>
    <marc:controlfield tag="005">20170512101338.0</marc:controlfield>
    <marc:controlfield tag="007">sd||||||||||||</marc:controlfield>
    <marc:controlfield tag="008">090727s2004    sw nnnne ||||||f  n swe c</marc:controlfield>
    <marc:datafield tag="035" ind1=" " ind2=" ">
      <marc:subfield code="a">(MTM)C46102</marc:subfield>
    </marc:datafield>
    <marc:datafield tag="035" ind1=" " ind2=" ">
      <marc:subfield code="5">Mo</marc:subfield>
      <marc:subfield code="a">(Mo)b1542216</marc:subfield>
    </marc:datafield>
    <marc:datafield tag="035" ind1=" " ind2=" ">
      <marc:subfield code="5">Mtm</marc:subfield>
      <marc:subfield code="a">(MTM)C46102</marc:subfield>
    </marc:datafield>
    <marc:datafield tag="040" ind1=" " ind2=" ">
      <marc:subfield code="a">Mtm</marc:subfield>
    </marc:datafield>
    <marc:datafield tag="041" ind1="1" ind2=" ">
      <marc:subfield code="a">swe</marc:subfield>
      <marc:subfield code="h">nor</marc:subfield>
    </marc:datafield>
    <marc:datafield tag="042" ind1=" " ind2=" ">
      <marc:subfield code="9">Mtm</marc:subfield>
    </marc:datafield>
    <marc:datafield tag="046" ind1=" " ind2=" ">
      <marc:subfield code="a">m</marc:subfield>
      <marc:subfield code="m">20000101</marc:subfield>
      <marc:subfield code="n">20000301</marc:subfield>
    </marc:datafield>
    <marc:datafield tag="082" ind1="0" ind2="4">
      <marc:subfield code="a">839.78</marc:subfield>
      <marc:subfield code="2">22 (machine generated)</marc:subfield>
    </marc:datafield>
    <marc:datafield tag="084" ind1=" " ind2=" ">
      <marc:subfield code="a">Hcedb.01/TC</marc:subfield>
      <marc:subfield code="2">kssb/8</marc:subfield>
    </marc:datafield>
    <marc:datafield tag="100" ind1="1" ind2=" ">
      <marc:subfield code="a">Lindell, Unni</marc:subfield>
      <marc:subfield code="1">http://viaf.org/viaf/64065917</marc:subfield>
      <marc:subfield code="4">aut</marc:subfield>
    </marc:datafield>
    <marc:datafield tag="240" ind1="1" ind2="0">
      <marc:subfield code="a">Ormbæreren</marc:subfield>
      <marc:subfield code="l">Svenska</marc:subfield>
    </marc:datafield>
    <marc:datafield tag="245" ind1="1" ind2="0">
      <marc:subfield code="a">Ormbæraren</marc:subfield>
      <marc:subfield code="c">Unni Lindell ; oversettelse: Margareta Järnebrand</marc:subfield>
    </marc:datafield>
    <marc:datafield tag="249" ind1=" " ind2="0">
      <marc:subfield code="a">Slangebæreren (norska)</marc:subfield>
    </marc:datafield>
    <marc:datafield tag="260" ind1=" " ind2=" ">
      <marc:subfield code="a">Lund :</marc:subfield>
      <marc:subfield code="b">Btj,</marc:subfield>
      <marc:subfield code="c">2004</marc:subfield>
    </marc:datafield>
    <marc:datafield tag="300" ind1=" " ind2=" ">
      <marc:subfield code="a">1 CD-R (15 tim., 6 min.) :</marc:subfield>
      <marc:subfield code="b">mono</marc:subfield>
    </marc:datafield>
    <marc:datafield tag="336" ind1=" " ind2=" ">
      <marc:subfield code="a">spoken word</marc:subfield>
      <marc:subfield code="b">spw</marc:subfield>
      <marc:subfield code="2">rdacontent</marc:subfield>
    </marc:datafield>
    <marc:datafield tag="337" ind1=" " ind2=" ">
      <marc:subfield code="a">audio</marc:subfield>
      <marc:subfield code="b">snd</marc:subfield>
      <marc:subfield code="2">rdamedia</marc:subfield>
    </marc:datafield>
    <marc:datafield tag="338" ind1=" " ind2=" ">
      <marc:subfield code="b">audio disc</marc:subfield>
      <marc:subfield code="2">rdacarrier</marc:subfield>
    </marc:datafield>
    <marc:datafield tag="506" ind1="1" ind2=" ">
      <marc:subfield code="a">Tillgñglig fr̲ personer med ls̃nedst̃tning enligt ʹ 17 Upphovsrt̃tslagen</marc:subfield>
      <marc:subfield code="u">http://www.mtm.se/om-oss/uppdrag-och-lagar/upphovsrattslagen/</marc:subfield>
    </marc:datafield>
    <marc:datafield tag="546" ind1=" " ind2=" ">
      <marc:subfield code="5">Mo</marc:subfield>
      <marc:subfield code="a">svenska</marc:subfield>
    </marc:datafield>
    <marc:datafield tag="653" ind1=" " ind2=" ">
      <marc:subfield code="a">Deckare</marc:subfield>
    </marc:datafield>
    <marc:datafield tag="655" ind1=" " ind2="4">
      <marc:subfield code="a">DAISY</marc:subfield>
    </marc:datafield>
    <marc:datafield tag="700" ind1="1" ind2=" ">
      <marc:subfield code="a">Jonsson, Bo</marc:subfield>
      <marc:subfield code="1">http://viaf.org/viaf/284538064 </marc:subfield>
      <marc:subfield code="4">nrt</marc:subfield>
    </marc:datafield>
    <marc:datafield tag="776" ind1="0" ind2="8">
      <marc:subfield code="i">Inls̃t ur</marc:subfield>
      <marc:subfield code="t">Ormbæraren</marc:subfield>
    </marc:datafield>
  </marc:record>