
    <marc:record>
      <marc:leader>01278nam a2200277 a 450 </marc:leader>
      <marc:controlfield tag="001">0362756</marc:controlfield>
      <marc:controlfield tag="008">080308b                          1 nob  </marc:controlfield>
      <marc:datafield tag="015" ind1=" " ind2=" ">
        <marc:subfield code="a">0196412</marc:subfield>
      </marc:datafield>
      <marc:datafield tag="015" ind1=" " ind2=" ">
        <marc:subfield code="a">969233</marc:subfield>
      </marc:datafield>
      <marc:datafield tag="020" ind1=" " ind2=" ">
        <marc:subfield code="a">978-82-495-0550-0 :</marc:subfield>
        <marc:subfield code="c">Nkr 349.00</marc:subfield>
      </marc:datafield>
      <marc:datafield tag="100" ind1=" " ind2=" ">
        <marc:subfield code="a">Michelet, Jon,</marc:subfield>
        <marc:subfield code="d">1944-2018</marc:subfield>
        <marc:subfield code="1">http://viaf.org/viaf/34494981</marc:subfield>
        <marc:subfield code="4">aut</marc:subfield>
      </marc:datafield>
      <marc:datafield tag="245" ind1="1" ind2="0">
        <marc:subfield code="a">Mordet p ̄Woldnes :</marc:subfield>
        <marc:subfield code="b">en kriminalroman med Vilhelm Thygesen /</marc:subfield>
        <marc:subfield code="c">Jon Michelet</marc:subfield>
      </marc:datafield>
      <marc:datafield tag="260" ind1=" " ind2=" ">
        <marc:subfield code="a">Oslo :</marc:subfield>
        <marc:subfield code="b">Oktober,</marc:subfield>
        <marc:subfield code="c">2008</marc:subfield>
      </marc:datafield>
      <marc:datafield tag="300" ind1=" " ind2=" ">
        <marc:subfield code="a">215 s.</marc:subfield>
      </marc:datafield>
      <marc:datafield tag="336" ind1=" " ind2=" ">
        <marc:subfield code="a">text</marc:subfield>
        <marc:subfield code="b">txt</marc:subfield>
        <marc:subfield code="2">rdacontent</marc:subfield>
        <marc:subfield code="0">http://rdaregistry.info/termList/RDAContentType/1020 </marc:subfield>
      </marc:datafield>
      <marc:datafield tag="337" ind1=" " ind2=" ">
        <marc:subfield code="a">unmediated</marc:subfield>
        <marc:subfield code="b">n</marc:subfield>
        <marc:subfield code="2">rdamedia</marc:subfield>
      </marc:datafield>
      <marc:datafield tag="338" ind1=" " ind2=" ">
        <marc:subfield code="a">volume</marc:subfield>
        <marc:subfield code="b">nc</marc:subfield>
        <marc:subfield code="2">rdacarrier</marc:subfield>
      </marc:datafield>
      <marc:datafield tag="600" ind1=" " ind2="4">
        <marc:subfield code="a">Thygesen, Vilhelm</marc:subfield>
      </marc:datafield>
      <marc:datafield tag="655" ind1=" " ind2=" ">
        <marc:subfield code="a">Kriminal</marc:subfield>
        <marc:subfield code="2">BS</marc:subfield>
      </marc:datafield>
    </marc:record>