
  <marc:record>
    <marc:leader>03294cam a22006857a 4500</marc:leader>
    <marc:controlfield tag="001">16999470</marc:controlfield>
    <marc:controlfield tag="003">LIBRIS</marc:controlfield>
    <marc:controlfield tag="005">20160330103931.0</marc:controlfield>
    <marc:controlfield tag="008">141002s2015    xxk||||      |00| j eng c</marc:controlfield>
    <marc:datafield tag="020" ind1=" " ind2=" ">
      <marc:subfield code="a">978-0-00-747907-8</marc:subfield>
    </marc:datafield>
    <marc:datafield tag="035" ind1=" " ind2=" ">
      <marc:subfield code="a">(BOKR)9780007479078</marc:subfield>
    </marc:datafield>
    <marc:datafield tag="040" ind1=" " ind2=" ">
      <marc:subfield code="a">BOKR</marc:subfield>
      <marc:subfield code="d">Gbg</marc:subfield>
    </marc:datafield>
    <marc:datafield tag="041" ind1=" " ind2=" ">
      <marc:subfield code="a">eng</marc:subfield>
      <marc:subfield code="h">swe</marc:subfield>
    </marc:datafield>
    <marc:datafield tag="042" ind1=" " ind2=" ">
      <marc:subfield code="9">SUEC</marc:subfield>
    </marc:datafield>
    <marc:datafield tag="082" ind1="0" ind2="4">
      <marc:subfield code="a">839.738</marc:subfield>
      <marc:subfield code="2">23/swe</marc:subfield>
    </marc:datafield>
    <marc:datafield tag="084" ind1=" " ind2=" ">
      <marc:subfield code="a">Heec.016</marc:subfield>
      <marc:subfield code="2">kssb/8</marc:subfield>
    </marc:datafield>
    <marc:datafield tag="084" ind1=" " ind2=" ">
      <marc:subfield code="a">Hcce.016</marc:subfield>
      <marc:subfield code="2">kaab/8</marc:subfield>
    </marc:datafield>
    <marc:datafield tag="100" ind1="1" ind2=" ">
      <marc:subfield code="a">Lc̃kberg, Camilla,</marc:subfield>
      <marc:subfield code="d">1974-</marc:subfield>
      <marc:subfield code="0">217091</marc:subfield>
    </marc:datafield>
    <marc:datafield tag="240" ind1="1" ind2="0">
      <marc:subfield code="a">Mord och mandeldoft.</marc:subfield>
      <marc:subfield code="l">Engelska.</marc:subfield>
    </marc:datafield>
    <marc:datafield tag="245" ind1="1" ind2="4">
      <marc:subfield code="a">The scent of almonds & other stories /</marc:subfield>
      <marc:subfield code="c">Camilla Lc̃kberg ; translated from the Swedish by Tiina Nunnally</marc:subfield>
    </marc:datafield>
    <marc:datafield tag="246" ind1="1" ind2="2">
      <marc:subfield code="a">The scent of almonds and other stories</marc:subfield>
    </marc:datafield>
    <marc:datafield tag="260" ind1=" " ind2=" ">
      <marc:subfield code="a">London :</marc:subfield>
      <marc:subfield code="b">Harper Collins,</marc:subfield>
      <marc:subfield code="c">2015</marc:subfield>
    </marc:datafield>
    <marc:datafield tag="300" ind1=" " ind2=" ">
      <marc:subfield code="a">184 s. ;</marc:subfield>
      <marc:subfield code="c">18 cm</marc:subfield>
    </marc:datafield>
    <marc:datafield tag="505" ind1="0" ind2=" ">
      <marc:subfield code="a">The scent of almonds</marc:subfield>
    </marc:datafield>
    <marc:datafield tag="655" ind1=" " ind2="7">
      <marc:subfield code="a">Deckare</marc:subfield>
      <marc:subfield code="2">saogf</marc:subfield>
      <marc:subfield code="0">350793</marc:subfield>
      <marc:subfield code="0">243976</marc:subfield>
    </marc:datafield>
    <marc:datafield tag="700" ind1="1" ind2=" ">
      <marc:subfield code="a">Lc̃kberg, Camilla,</marc:subfield>
      <marc:subfield code="d">1974-.</marc:subfield>
      <marc:subfield code="t">Snøstorm och mandeldoft.</marc:subfield>
      <marc:subfield code="l">Engelska</marc:subfield>
      <marc:subfield code="0">217091</marc:subfield>
    </marc:datafield>
    <marc:datafield tag="700" ind1="1" ind2=" ">
      <marc:subfield code="a">Läckberg, Camilla,</marc:subfield>
      <marc:subfield code="d">1974-.</marc:subfield>
      <marc:subfield code="t">En elegant dd̲.</marc:subfield>
      <marc:subfield code="l">Engelska</marc:subfield>
      <marc:subfield code="0">217091</marc:subfield>
    </marc:datafield>
    <marc:datafield tag="700" ind1="1" ind2=" ">
      <marc:subfield code="a">Lc̃kberg, Camilla,</marc:subfield>
      <marc:subfield code="d">1974-.</marc:subfield>
      <marc:subfield code="t">Drømmen om Elisabeth.</marc:subfield>
      <marc:subfield code="l">Engelska</marc:subfield>
      <marc:subfield code="0">217091</marc:subfield>
    </marc:datafield>
    <marc:datafield tag="700" ind1="1" ind2=" ">
      <marc:subfield code="a">Läckberg, Camilla,</marc:subfield>
      <marc:subfield code="d">1974-.</marc:subfield>
      <marc:subfield code="t">♯nkornas kaf.̌</marc:subfield>
      <marc:subfield code="l">Engelska</marc:subfield>
      <marc:subfield code="0">217091</marc:subfield>
    </marc:datafield>
    <marc:datafield tag="700" ind1="1" ind2=" ">
      <marc:subfield code="a">Nunnally, Tiina,</marc:subfield>
      <marc:subfield code="d">1952-</marc:subfield>
      <marc:subfield code="4">trl</marc:subfield>
      <marc:subfield code="0">189820</marc:subfield>
    </marc:datafield>
  </marc:record>