
  <marc:record>
    <marc:leader>04284cam a2200841 a 4500</marc:leader>
    <marc:controlfield tag="001">15177897</marc:controlfield>
    <marc:controlfield tag="003">LIBRIS</marc:controlfield>
    <marc:controlfield tag="005">20160913160014.0</marc:controlfield>
    <marc:controlfield tag="008">140205s2014    sw |||||||||||000 jdswe|d</marc:controlfield>
    <marc:datafield tag="020" ind1=" " ind2=" ">
      <marc:subfield code="a">9789175033235</marc:subfield>
    </marc:datafield>
    <marc:datafield tag="035" ind1=" " ind2=" ">
      <marc:subfield code="a">(BOKR)9789175033235</marc:subfield>
    </marc:datafield>
    <marc:datafield tag="040" ind1=" " ind2=" ">
      <marc:subfield code="a">BOKR</marc:subfield>
      <marc:subfield code="d">S</marc:subfield>
    </marc:datafield>
    <marc:datafield tag="041" ind1=" " ind2=" ">
      <marc:subfield code="a">swe</marc:subfield>
    </marc:datafield>
    <marc:datafield tag="042" ind1=" " ind2=" ">
      <marc:subfield code="9">NB</marc:subfield>
      <marc:subfield code="9">SDB</marc:subfield>
    </marc:datafield>
    <marc:datafield tag="082" ind1="0" ind2="4">
      <marc:subfield code="a">839.738</marc:subfield>
      <marc:subfield code="2">23/swe</marc:subfield>
    </marc:datafield>
    <marc:datafield tag="084" ind1=" " ind2=" ">
      <marc:subfield code="a">Hc.01</marc:subfield>
      <marc:subfield code="2">kssb/8</marc:subfield>
    </marc:datafield>
    <marc:datafield tag="100" ind1="1" ind2=" ">
      <marc:subfield code="a">Läckberg, Camilla,</marc:subfield>
      <marc:subfield code="d">1974-</marc:subfield>
      <marc:subfield code="0">https://libris.kb.se/tr579dkc4ht7bs8#it</marc:subfield>
    </marc:datafield>
    <marc:datafield tag="245" ind1="1" ind2="0">
      <marc:subfield code="a">Mord och mandeldoft /</marc:subfield>
      <marc:subfield code="c">[Camilla Lc̃kberg ; [foto: Lars Trangius ... ].</marc:subfield>
    </marc:datafield>
    <marc:datafield tag="264" ind1=" " ind2="1">
      <marc:subfield code="a">Stockholm :</marc:subfield>
      <marc:subfield code="b">Mn̄pocket,</marc:subfield>
      <marc:subfield code="c">2014</marc:subfield>
    </marc:datafield>
    <marc:datafield tag="264" ind1=" " ind2="3">
      <marc:subfield code="a">Falun :</marc:subfield>
      <marc:subfield code="b">Scandbook</marc:subfield>
    </marc:datafield>
    <marc:datafield tag="300" ind1=" " ind2=" ">
      <marc:subfield code="a">239 s.</marc:subfield>
      <marc:subfield code="b">ill.</marc:subfield>
      <marc:subfield code="c">18 cm</marc:subfield>
    </marc:datafield>
    <marc:datafield tag="490" ind1="0" ind2=" ">
      <marc:subfield code="a">Mn̄pocket,</marc:subfield>
      <marc:subfield code="x">99-0184541-6</marc:subfield>
    </marc:datafield>
    <marc:datafield tag="505" ind1="8" ind2=" ">
      <marc:subfield code="a">Drømmen om Elisabeth</marc:subfield>
    </marc:datafield>
    <marc:datafield tag="600" ind1="1" ind2="4">
      <marc:subfield code="a">Lc̃kberg, Camilla,</marc:subfield>
      <marc:subfield code="d">1974-</marc:subfield>
      <marc:subfield code="0">https://libris.kb.se/tr579dkc4ht7bs8#it</marc:subfield>
    </marc:datafield>
    <marc:datafield tag="655" ind1=" " ind2="7">
      <marc:subfield code="a">Noveller</marc:subfield>
      <marc:subfield code="0">https://id.kb.se/term/saogf/Noveller</marc:subfield>
      <marc:subfield code="2">saogf</marc:subfield>
    </marc:datafield>
    <marc:datafield tag="655" ind1=" " ind2="4">
      <marc:subfield code="a">Deckare, thrillers och spñning</marc:subfield>
    </marc:datafield>
    <marc:datafield tag="700" ind1="1" ind2=" ">
      <marc:subfield code="a">Trangius, Lars,</marc:subfield>
      <marc:subfield code="d">1968-</marc:subfield>
      <marc:subfield code="4">pht</marc:subfield>
      <marc:subfield code="0">https://libris.kb.se/c9ps0tzw4nk9lzd#it</marc:subfield>
    </marc:datafield>
  </marc:record>