
  <marc:record>
    <marc:leader>03376cam a2200745 a 4500</marc:leader>
    <marc:controlfield tag="001">12228376</marc:controlfield>
    <marc:controlfield tag="003">LIBRIS</marc:controlfield>
    <marc:controlfield tag="005">20170419143223.0</marc:controlfield>
    <marc:controlfield tag="008">110616s2011    sw |||||||||||000 f|swe| </marc:controlfield>
    <marc:datafield tag="020" ind1=" " ind2=" ">
      <marc:subfield code="a">9789175030111</marc:subfield>
    </marc:datafield>
    <marc:datafield tag="040" ind1=" " ind2=" ">
      <marc:subfield code="a">LGEN</marc:subfield>
      <marc:subfield code="d">S</marc:subfield>
      <marc:subfield code="d">SDB</marc:subfield>
    </marc:datafield>
    <marc:datafield tag="041" ind1=" " ind2=" ">
      <marc:subfield code="a">swe</marc:subfield>
    </marc:datafield>
    <marc:datafield tag="042" ind1=" " ind2=" ">
      <marc:subfield code="9">NB</marc:subfield>
    </marc:datafield>
    <marc:datafield tag="082" ind1="0" ind2="4">
      <marc:subfield code="a">839.738</marc:subfield>
      <marc:subfield code="2">22/swe</marc:subfield>
    </marc:datafield>
    <marc:datafield tag="100" ind1="1" ind2=" ">
      <marc:subfield code="a">Läckberg, Camilla,</marc:subfield>
      <marc:subfield code="d">1974-</marc:subfield>
      <marc:subfield code="0">https://libris.kb.se/tr579dkc4ht7bs8#it</marc:subfield>
    </marc:datafield>
    <marc:datafield tag="245" ind1="1" ind2="0">
      <marc:subfield code="a">Predikanten /</marc:subfield>
      <marc:subfield code="c">Camilla Läckberg.</marc:subfield>
    </marc:datafield>
    <marc:datafield tag="250" ind1=" " ind2=" ">
      <marc:subfield code="a">[Ny utg.]</marc:subfield>
    </marc:datafield>
    <marc:datafield tag="264" ind1=" " ind2="1">
      <marc:subfield code="a">Stockholm :</marc:subfield>
      <marc:subfield code="b">Mn̄pocket,</marc:subfield>
      <marc:subfield code="c">2011</marc:subfield>
    </marc:datafield>
    <marc:datafield tag="264" ind1=" " ind2="3">
      <marc:subfield code="a">Falun :</marc:subfield>
      <marc:subfield code="b">Scandbook</marc:subfield>
    </marc:datafield>
    <marc:datafield tag="300" ind1=" " ind2=" ">
      <marc:subfield code="a">317 s.</marc:subfield>
      <marc:subfield code="c">18 cm</marc:subfield>
    </marc:datafield>
    <marc:datafield tag="490" ind1="0" ind2=" ">
      <marc:subfield code="a">Mn̄pocket,</marc:subfield>
      <marc:subfield code="x">99-0184541-6</marc:subfield>
    </marc:datafield>
    <marc:datafield tag="600" ind1="1" ind2="4">
      <marc:subfield code="a">Falck, Erica</marc:subfield>
      <marc:subfield code="c">(fiktiv gestalt)</marc:subfield>
    </marc:datafield>
    <marc:datafield tag="600" ind1="1" ind2="4">
      <marc:subfield code="a">Hedstrøm, Patrik</marc:subfield>
      <marc:subfield code="c">(fiktiv gestalt)</marc:subfield>
    </marc:datafield>
    <marc:datafield tag="651" ind1=" " ind2="7">
      <marc:subfield code="a">Sverige</marc:subfield>
      <marc:subfield code="z">Bohuslñ</marc:subfield>
      <marc:subfield code="z">Fjl̃lbacka</marc:subfield>
      <marc:subfield code="2">sao</marc:subfield>
    </marc:datafield>
    <marc:datafield tag="655" ind1=" " ind2="7">
      <marc:subfield code="a">Deckare</marc:subfield>
      <marc:subfield code="0">https://id.kb.se/term/saogf/Deckare</marc:subfield>
      <marc:subfield code="2">saogf</marc:subfield>
    </marc:datafield>
  </marc:record>