
  <marc:record>
    <marc:leader>01753cam a22004457a 4500</marc:leader>
    <marc:controlfield tag="001">13988896</marc:controlfield>
    <marc:controlfield tag="003">LIBRIS</marc:controlfield>
    <marc:controlfield tag="005">20180202154733.0</marc:controlfield>
    <marc:controlfield tag="008">130404s2011    xxk           000 f eng|c</marc:controlfield>
    <marc:datafield tag="020" ind1=" " ind2=" ">
      <marc:subfield code="a">978-0-00-725397-5 (pbk.)</marc:subfield>
    </marc:datafield>
    <marc:datafield tag="040" ind1=" " ind2=" ">
      <marc:subfield code="a">Jon</marc:subfield>
      <marc:subfield code="d">S</marc:subfield>
    </marc:datafield>
    <marc:datafield tag="041" ind1="1" ind2=" ">
      <marc:subfield code="a">eng</marc:subfield>
      <marc:subfield code="h">swe</marc:subfield>
    </marc:datafield>
    <marc:datafield tag="042" ind1=" " ind2=" ">
      <marc:subfield code="9">SUEC</marc:subfield>
    </marc:datafield>
    <marc:datafield tag="082" ind1="0" ind2="4">
      <marc:subfield code="a">839.738</marc:subfield>
      <marc:subfield code="2">23/swe</marc:subfield>
    </marc:datafield>
    <marc:datafield tag="100" ind1="1" ind2=" ">
      <marc:subfield code="a">Läckberg, Camilla,</marc:subfield>
      <marc:subfield code="d">1974-</marc:subfield>
      <marc:subfield code="0">217091</marc:subfield>
    </marc:datafield>
    <marc:datafield tag="240" ind1="1" ind2="0">
      <marc:subfield code="a">Stenhuggaren.</marc:subfield>
      <marc:subfield code="l">Engelska</marc:subfield>
    </marc:datafield>
    <marc:datafield tag="245" ind1="1" ind2="4">
      <marc:subfield code="a">The stonecutter /</marc:subfield>
      <marc:subfield code="c">by Camilla Lackberg ; translated by Steven T. Murray</marc:subfield>
    </marc:datafield>
    <marc:datafield tag="260" ind1=" " ind2=" ">
      <marc:subfield code="a">London :</marc:subfield>
      <marc:subfield code="b">HarperCollins,</marc:subfield>
      <marc:subfield code="c">2011</marc:subfield>
    </marc:datafield>
    <marc:datafield tag="300" ind1=" " ind2=" ">
      <marc:subfield code="a">565 p.</marc:subfield>
    </marc:datafield>
    <marc:datafield tag="546" ind1=" " ind2=" ">
      <marc:subfield code="a">Translated from the Swedish.</marc:subfield>
    </marc:datafield>
    <marc:datafield tag="653" ind1=" " ind2=" ">
      <marc:subfield code="5">Jon</marc:subfield>
      <marc:subfield code="a">Fiction</marc:subfield>
    </marc:datafield>
    <marc:datafield tag="700" ind1="1" ind2=" ">
      <marc:subfield code="a">Murray, Steven T.</marc:subfield>
      <marc:subfield code="4">trl</marc:subfield>
    </marc:datafield>
  </marc:record>