
  <marc:record>
    <marc:leader>06302cam a22012497a 4500</marc:leader>
    <marc:controlfield tag="001">20203763</marc:controlfield>
    <marc:controlfield tag="003">LIBRIS</marc:controlfield>
    <marc:controlfield tag="005">20181030230000.0</marc:controlfield>
    <marc:controlfield tag="008">170327s2017    sw |||||||||||000 1|swe|d</marc:controlfield>
    <marc:datafield tag="020" ind1=" " ind2=" ">
      <marc:subfield code="a">9789175037509</marc:subfield>
      <marc:subfield code="q">pocket</marc:subfield>
    </marc:datafield>
    <marc:datafield tag="035" ind1=" " ind2=" ">
      <marc:subfield code="a">(BOKR)9789175037509</marc:subfield>
    </marc:datafield>
    <marc:datafield tag="040" ind1=" " ind2=" ">
      <marc:subfield code="a">BOKR</marc:subfield>
      <marc:subfield code="d">Vasb</marc:subfield>
      <marc:subfield code="e">a</marc:subfield>
    </marc:datafield>
    <marc:datafield tag="041" ind1=" " ind2=" ">
      <marc:subfield code="a">swe</marc:subfield>
    </marc:datafield>
    <marc:datafield tag="082" ind1="0" ind2="4">
      <marc:subfield code="a">839.73</marc:subfield>
      <marc:subfield code="2">22 (machine generated)</marc:subfield>
    </marc:datafield>
    <marc:datafield tag="084" ind1=" " ind2=" ">
      <marc:subfield code="a">Hc.01</marc:subfield>
      <marc:subfield code="2">kssb/8</marc:subfield>
    </marc:datafield>
    <marc:datafield tag="100" ind1="1" ind2=" ">
      <marc:subfield code="a">Läckberg, Camilla,</marc:subfield>
      <marc:subfield code="d">1974-</marc:subfield>
      <marc:subfield code="4">aut</marc:subfield>
      <marc:subfield code="0">https://libris.kb.se/tr579dkc4ht7bs8#it</marc:subfield>
    </marc:datafield>
    <marc:datafield tag="245" ind1="1" ind2="0">
      <marc:subfield code="a">Stenhuggaren /</marc:subfield>
      <marc:subfield code="c">Camilla Läckberg.</marc:subfield>
    </marc:datafield>
    <marc:datafield tag="264" ind1=" " ind2="1">
      <marc:subfield code="a">Stockholm :</marc:subfield>
      <marc:subfield code="b">Mn̄pocket,</marc:subfield>
      <marc:subfield code="c">tr. 2017</marc:subfield>
    </marc:datafield>
    <marc:datafield tag="264" ind1=" " ind2="1">
      <marc:subfield code="b">Mn̄pocket,</marc:subfield>
      <marc:subfield code="c">2017</marc:subfield>
    </marc:datafield>
    <marc:datafield tag="300" ind1=" " ind2=" ">
      <marc:subfield code="a">405 sidor</marc:subfield>
      <marc:subfield code="c">17.8 cm</marc:subfield>
    </marc:datafield>
    <marc:datafield tag="336" ind1=" " ind2=" ">
      <marc:subfield code="b">txt</marc:subfield>
      <marc:subfield code="2">rdacontent</marc:subfield>
    </marc:datafield>
    <marc:datafield tag="337" ind1=" " ind2=" ">
      <marc:subfield code="b">n</marc:subfield>
      <marc:subfield code="2">rdamedia</marc:subfield>
    </marc:datafield>
    <marc:datafield tag="338" ind1=" " ind2=" ">
      <marc:subfield code="b">nc</marc:subfield>
      <marc:subfield code="2">rdacarrier</marc:subfield>
    </marc:datafield>
    <marc:datafield tag="490" ind1="0" ind2=" ">
      <marc:subfield code="a">Fjl̃lbacka-serien</marc:subfield>
    </marc:datafield>
    <marc:datafield tag="600" ind1="1" ind2="4">
      <marc:subfield code="a">Falck, Erica</marc:subfield>
      <marc:subfield code="c">(fiktiv gestalt)</marc:subfield>
    </marc:datafield>
    <marc:datafield tag="600" ind1="1" ind2="4">
      <marc:subfield code="a">Hedstrøm, Patrik</marc:subfield>
      <marc:subfield code="c">(fiktiv gestalt)</marc:subfield>
    </marc:datafield>
    <marc:datafield tag="651" ind1=" " ind2="7">
      <marc:subfield code="a">Sverige</marc:subfield>
      <marc:subfield code="z">Bohuslñ</marc:subfield>
      <marc:subfield code="z">Fjl̃lbacka</marc:subfield>
      <marc:subfield code="2">sao</marc:subfield>
    </marc:datafield>
    <marc:datafield tag="655" ind1=" " ind2="7">
      <marc:subfield code="a">Deckare</marc:subfield>
      <marc:subfield code="0">https://id.kb.se/term/saogf/Deckare</marc:subfield>
      <marc:subfield code="2">saogf</marc:subfield>
    </marc:datafield>
    <marc:datafield tag="655" ind1=" " ind2="4">
      <marc:subfield code="0">https://id.kb.se/marc/FictionNotFurtherSpecified</marc:subfield>
    </marc:datafield>
  </marc:record>