
  <marc:record>
    <marc:leader>01476nam a2200325 a 450 </marc:leader>
    <marc:controlfield tag="001">0275007</marc:controlfield>
    <marc:controlfield tag="008">050412b                          0 nob  </marc:controlfield>
    <marc:datafield tag="015" ind1=" " ind2=" ">
      <marc:subfield code="a">0152282</marc:subfield>
    </marc:datafield>
    <marc:datafield tag="015" ind1=" " ind2=" ">
      <marc:subfield code="a">852937</marc:subfield>
    </marc:datafield>
    <marc:datafield tag="020" ind1=" " ind2=" ">
      <marc:subfield code="a">82-8098-011-3 :</marc:subfield>
      <marc:subfield code="c">Nkr 171.00</marc:subfield>
    </marc:datafield>
    <marc:datafield tag="041" ind1=" " ind2=" ">
      <marc:subfield code="h">swe</marc:subfield>
    </marc:datafield>
    <marc:datafield tag="100" ind1=" " ind2=" ">
      <marc:subfield code="a">Mankell, Henning,</marc:subfield>
      <marc:subfield code="d">1948-2015</marc:subfield>
    </marc:datafield>
    <marc:datafield tag="245" ind1="1" ind2="0">
      <marc:subfield code="a">Hogget & Sprekken :</marc:subfield>
      <marc:subfield code="b">kriminalfortellinger /</marc:subfield>
      <marc:subfield code="c">Henning Mankell ; bearbeidet til lettlest av Johan Werkms̃ter ; [oversatt til norsk av: Kari Bolstad og Bjr̜n Rudborg]</marc:subfield>
    </marc:datafield>
    <marc:datafield tag="260" ind1=" " ind2=" ">
      <marc:subfield code="a">Skien :</marc:subfield>
      <marc:subfield code="b">Lettlest forl.,</marc:subfield>
      <marc:subfield code="c">2005</marc:subfield>
    </marc:datafield>
    <marc:datafield tag="300" ind1=" " ind2=" ">
      <marc:subfield code="a">179 s.</marc:subfield>
    </marc:datafield>
    <marc:datafield tag="521" ind1=" " ind2=" ">
      <marc:subfield code="a">Lettlest</marc:subfield>
    </marc:datafield>
    <marc:datafield tag="655" ind1=" " ind2=" ">
      <marc:subfield code="a">Kriminal</marc:subfield>
    </marc:datafield>
    <marc:datafield tag="700" ind1=" " ind2=" ">
      <marc:subfield code="a">Werkms̃ter, Johan,</marc:subfield>
      <marc:subfield code="d">1955-,</marc:subfield>
      <marc:subfield code="e">bearb.</marc:subfield>
    </marc:datafield>
    <marc:datafield tag="740" ind1=" " ind2=" ">
      <marc:subfield code="a">Hogget og Sprekken</marc:subfield>
    </marc:datafield>
    <marc:datafield tag="740" ind1="0" ind2="2">
      <marc:subfield code="a">Hogget</marc:subfield>
    </marc:datafield>
    <marc:datafield tag="740" ind1="0" ind2="2">
      <marc:subfield code="a">Sprekken</marc:subfield>
    </marc:datafield>
  </marc:record>