
  <marc:record>
    <marc:leader>01081nam a2200301 a 450 </marc:leader>
    <marc:controlfield tag="001">0074047</marc:controlfield>
    <marc:controlfield tag="008">940425b                          1 nob  </marc:controlfield>
    <marc:datafield tag="015" ind1=" " ind2=" ">
      <marc:subfield code="a">474163</marc:subfield>
    </marc:datafield>
    <marc:datafield tag="020" ind1=" " ind2=" ">
      <marc:subfield code="a">82-05-22287-8 :</marc:subfield>
      <marc:subfield code="c">Nkr 99.00</marc:subfield>
    </marc:datafield>
    <marc:datafield tag="020" ind1=" " ind2=" ">
      <marc:subfield code="a">8205257892</marc:subfield>
    </marc:datafield>
    <marc:datafield tag="020" ind1=" " ind2=" ">
      <marc:subfield code="a">8205297185</marc:subfield>
    </marc:datafield>
    <marc:datafield tag="020" ind1=" " ind2=" ">
      <marc:subfield code="a">8205354359</marc:subfield>
    </marc:datafield>
    <marc:datafield tag="020" ind1=" " ind2=" ">
      <marc:subfield code="a">8252541445</marc:subfield>
    </marc:datafield>
    <marc:datafield tag="020" ind1=" " ind2=" ">
      <marc:subfield code="a">978-8205354357</marc:subfield>
    </marc:datafield>
    <marc:datafield tag="020" ind1=" " ind2=" ">
      <marc:subfield code="a"/>
    </marc:datafield>
    <marc:datafield tag="041" ind1=" " ind2=" ">
      <marc:subfield code="h">swe</marc:subfield>
    </marc:datafield>
    <marc:datafield tag="100" ind1=" " ind2=" ">
      <marc:subfield code="a">Mankell, Henning,</marc:subfield>
      <marc:subfield code="d">1948-2015</marc:subfield>
    </marc:datafield>
    <marc:datafield tag="245" ind1="1" ind2="0">
      <marc:subfield code="a">Hundene i Riga /</marc:subfield>
      <marc:subfield code="c">Henning Mankell ; oversatt av Kari Bolstad</marc:subfield>
    </marc:datafield>
    <marc:datafield tag="260" ind1=" " ind2=" ">
      <marc:subfield code="a">Oslo :</marc:subfield>
      <marc:subfield code="b">Gyldendal,</marc:subfield>
      <marc:subfield code="c">1994</marc:subfield>
    </marc:datafield>
    <marc:datafield tag="300" ind1=" " ind2=" ">
      <marc:subfield code="a">290 s.</marc:subfield>
    </marc:datafield>
    <marc:datafield tag="534" ind1=" " ind2=" ">
      <marc:subfield code="a">Originaltittel: Hundarna i Riga</marc:subfield>
    </marc:datafield>
    <marc:datafield tag="600" ind1=" " ind2="4">
      <marc:subfield code="a">Wallander, Kurt,</marc:subfield>
      <marc:subfield code="c">fiktiv person</marc:subfield>
    </marc:datafield>
    <marc:datafield tag="655" ind1=" " ind2=" ">
      <marc:subfield code="a">Kriminal</marc:subfield>
    </marc:datafield>
    <marc:datafield tag="740" ind1="0" ind2=" ">
      <marc:subfield code="a">Hundarna i Riga</marc:subfield>
    </marc:datafield>
  </marc:record>