
  <marc:record>
    <marc:leader>01033nam a2200253 a 450 </marc:leader>
    <marc:controlfield tag="001">0170143</marc:controlfield>
    <marc:controlfield tag="008">001002b                          1 nob  </marc:controlfield>
    <marc:datafield tag="015" ind1=" " ind2=" ">
      <marc:subfield code="a">704944</marc:subfield>
    </marc:datafield>
    <marc:datafield tag="020" ind1=" " ind2=" ">
      <marc:subfield code="a">82-02-20637-5</marc:subfield>
    </marc:datafield>
    <marc:datafield tag="020" ind1=" " ind2=" ">
      <marc:subfield code="a">82-05-27520-3 :</marc:subfield>
      <marc:subfield code="c">Nkr 329.00</marc:subfield>
    </marc:datafield>
    <marc:datafield tag="041" ind1=" " ind2=" ">
      <marc:subfield code="h">swe</marc:subfield>
    </marc:datafield>
    <marc:datafield tag="100" ind1=" " ind2=" ">
      <marc:subfield code="a">Mankell, Henning,</marc:subfield>
      <marc:subfield code="d">1948-2015</marc:subfield>
    </marc:datafield>
    <marc:datafield tag="245" ind1="1" ind2="0">
      <marc:subfield code="a">Pyramiden /</marc:subfield>
      <marc:subfield code="c">Henning Mankell ; oversatt fra svensk av Kari Bolstad</marc:subfield>
    </marc:datafield>
    <marc:datafield tag="260" ind1=" " ind2=" ">
      <marc:subfield code="a">[Oslo] :</marc:subfield>
      <marc:subfield code="b">Gyldendal,</marc:subfield>
      <marc:subfield code="c">2000</marc:subfield>
    </marc:datafield>
    <marc:datafield tag="300" ind1=" " ind2=" ">
      <marc:subfield code="a">376 s.</marc:subfield>
    </marc:datafield>
    <marc:datafield tag="505" ind1="1" ind2=" ">
      <marc:subfield code="a">Inneholder fem noveller</marc:subfield>
    </marc:datafield>
    <marc:datafield tag="534" ind1=" " ind2=" ">
      <marc:subfield code="a">Originaltittel: Pyramiden</marc:subfield>
    </marc:datafield>
    <marc:datafield tag="600" ind1=" " ind2="4">
      <marc:subfield code="a">Wallander, Kurt,</marc:subfield>
      <marc:subfield code="c">fiktiv person</marc:subfield>
    </marc:datafield>
    <marc:datafield tag="655" ind1=" " ind2=" ">
      <marc:subfield code="a">Kriminal</marc:subfield>
    </marc:datafield>
  </marc:record>