
  <marc:record>
    <marc:leader>00619pam a2200169 i 4500</marc:leader>
    <marc:controlfield tag="001">000041421189</marc:controlfield>
    <marc:controlfield tag="008">130115t20132013onc           000 f eng  </marc:controlfield>
    <marc:datafield tag="020" ind1=" " ind2=" ">
      <marc:subfield code="a">9780307360281</marc:subfield>
    </marc:datafield>
    <marc:datafield tag="100" ind1="1" ind2=" ">
      <marc:subfield code="a">Nesbø, Jo,</marc:subfield>
      <marc:subfield code="d">1960-</marc:subfield>
    </marc:datafield>
    <marc:datafield tag="240" ind1="1" ind2="0">
      <marc:subfield code="a">Kakerlakkene.</marc:subfield>
      <marc:subfield code="l">English</marc:subfield>
    </marc:datafield>
    <marc:datafield tag="245" ind1="1" ind2="0">
      <marc:subfield code="a">Cockroaches /</marc:subfield>
      <marc:subfield code="c">Jo Nesbø ; translated from the Norwegian by Don Bartlett.</marc:subfield>
    </marc:datafield>
    <marc:datafield tag="264" ind1=" " ind2="1">
      <marc:subfield code="a">Toronto :</marc:subfield>
      <marc:subfield code="b">Random House Canada,</marc:subfield>
      <marc:subfield code="c">2013.</marc:subfield>
    </marc:datafield>
    <marc:datafield tag="264" ind1=" " ind2="4">
      <marc:subfield code="c">©2013</marc:subfield>
    </marc:datafield>
    <marc:datafield tag="300" ind1=" " ind2=" ">
      <marc:subfield code="a">374 pages ;</marc:subfield>
      <marc:subfield code="c">23 cm.</marc:subfield>
    </marc:datafield>
    <marc:datafield tag="490" ind1="1" ind2=" ">
      <marc:subfield code="a">The Harry Hole series</marc:subfield>
    </marc:datafield>
  </marc:record>