
  <marc:record>
    <marc:leader>01264nam a2200301 a 450 </marc:leader>
    <marc:controlfield tag="001">0347482</marc:controlfield>
    <marc:controlfield tag="007"> d</marc:controlfield>
    <marc:controlfield tag="008">051014b2005                      1 nob  </marc:controlfield>
    <marc:datafield tag="015" ind1=" " ind2=" ">
      <marc:subfield code="a">0158675</marc:subfield>
    </marc:datafield>
    <marc:datafield tag="015" ind1=" " ind2=" ">
      <marc:subfield code="a">870546</marc:subfield>
    </marc:datafield>
    <marc:datafield tag="020" ind1=" " ind2=" ">
      <marc:subfield code="a">82-421-1694-6 :</marc:subfield>
      <marc:subfield code="c">Nkr 369.00</marc:subfield>
    </marc:datafield>
    <marc:datafield tag="020" ind1=" " ind2=" ">
      <marc:subfield code="a">978-82-421-1694-9</marc:subfield>
    </marc:datafield>
    <marc:datafield tag="100" ind1=" " ind2=" ">
      <marc:subfield code="a">Nesbø, Jo,</marc:subfield>
      <marc:subfield code="d">1960-</marc:subfield>
    </marc:datafield>
    <marc:datafield tag="245" ind1="1" ind2="0">
      <marc:subfield code="a">Frelseren /</marc:subfield>
      <marc:subfield code="c">Jo Nesbø</marc:subfield>
      <marc:subfield code="h">lydopptak - CD-plate</marc:subfield>
    </marc:datafield>
    <marc:datafield tag="260" ind1=" " ind2=" ">
      <marc:subfield code="a">[Melhus] :</marc:subfield>
      <marc:subfield code="b">Lydbokforl.,</marc:subfield>
      <marc:subfield code="c">2005</marc:subfield>
    </marc:datafield>
    <marc:datafield tag="300" ind1=" " ind2=" ">
      <marc:subfield code="a">12 kompaktplater (14 t, 21 min)</marc:subfield>
    </marc:datafield>
    <marc:datafield tag="511" ind1="0" ind2=" ">
      <marc:subfield code="a">Lest av Trond Espen Seim</marc:subfield>
    </marc:datafield>
    <marc:datafield tag="653" ind1="2" ind2=" ">
      <marc:subfield code="a">Hole, Harry (fiktiv person)</marc:subfield>
    </marc:datafield>
    <marc:datafield tag="655" ind1=" " ind2=" ">
      <marc:subfield code="a">Kriminal</marc:subfield>
    </marc:datafield>
    <marc:datafield tag="700" ind1=" " ind2=" ">
      <marc:subfield code="a">Seim, Trond Espen,</marc:subfield>
      <marc:subfield code="e">innl.</marc:subfield>
    </marc:datafield>
  </marc:record>