
  <marc:record>
    <marc:leader>00984nam a2200241 a 450 </marc:leader>
    <marc:controlfield tag="001">0331492</marc:controlfield>
    <marc:controlfield tag="008">      b2000                      1 nob  </marc:controlfield>
    <marc:datafield tag="015" ind1=" " ind2=" ">
      <marc:subfield code="a">0116515</marc:subfield>
    </marc:datafield>
    <marc:datafield tag="015" ind1=" " ind2=" ">
      <marc:subfield code="a">706809</marc:subfield>
    </marc:datafield>
    <marc:datafield tag="020" ind1=" " ind2=" ">
      <marc:subfield code="a">82-03-18342-5 :</marc:subfield>
      <marc:subfield code="c">Nkr 329.00</marc:subfield>
    </marc:datafield>
    <marc:datafield tag="100" ind1="1" ind2=" ">
      <marc:subfield code="a">Nesbø, Jo,</marc:subfield>
      <marc:subfield code="d">1960-</marc:subfield>
    </marc:datafield>
    <marc:datafield tag="245" ind1="1" ind2="0">
      <marc:subfield code="a">Rødstrupe /</marc:subfield>
      <marc:subfield code="c">Jo Nesbø</marc:subfield>
    </marc:datafield>
    <marc:datafield tag="260" ind1=" " ind2=" ">
      <marc:subfield code="a">Oslo :</marc:subfield>
      <marc:subfield code="b">Aschehoug,</marc:subfield>
      <marc:subfield code="c">2000</marc:subfield>
    </marc:datafield>
    <marc:datafield tag="300" ind1=" " ind2=" ">
      <marc:subfield code="a">432 s.</marc:subfield>
    </marc:datafield>
    <marc:datafield tag="655" ind1=" " ind2=" ">
      <marc:subfield code="a">Kriminal</marc:subfield>
    </marc:datafield>
  </marc:record>