
  <marc:record>
    <marc:leader>01094nam a2200241 a 450 </marc:leader>
    <marc:controlfield tag="001">0246462</marc:controlfield>
    <marc:controlfield tag="008">070621b                          1 nob  </marc:controlfield>
    <marc:datafield tag="015" ind1=" " ind2=" ">
      <marc:subfield code="a">935931</marc:subfield>
    </marc:datafield>
    <marc:datafield tag="020" ind1=" " ind2=" ">
      <marc:subfield code="a">978-82-421-1985-8 :</marc:subfield>
      <marc:subfield code="c">Nkr 379.00</marc:subfield>
    </marc:datafield>
    <marc:datafield tag="100" ind1=" " ind2=" ">
      <marc:subfield code="a">Nesbø, Jo,</marc:subfield>
      <marc:subfield code="d">1960-</marc:subfield>
    </marc:datafield>
    <marc:datafield tag="245" ind1="1" ind2="0">
      <marc:subfield code="a">Snømannen /</marc:subfield>
      <marc:subfield code="c">Jo Nesbø</marc:subfield>
      <marc:subfield code="h">lydopptak</marc:subfield>
    </marc:datafield>
    <marc:datafield tag="260" ind1=" " ind2=" ">
      <marc:subfield code="a">[Melhus] :</marc:subfield>
      <marc:subfield code="b">Lydbokforl.,</marc:subfield>
      <marc:subfield code="c">2007</marc:subfield>
    </marc:datafield>
    <marc:datafield tag="300" ind1=" " ind2=" ">
      <marc:subfield code="a">12 kompaktplater (14 t, 38 min) ;</marc:subfield>
      <marc:subfield code="c">i eske</marc:subfield>
    </marc:datafield>
    <marc:datafield tag="511" ind1="0" ind2=" ">
      <marc:subfield code="a">Lest av Dennis Storhøi</marc:subfield>
    </marc:datafield>
    <marc:datafield tag="655" ind1=" " ind2=" ">
      <marc:subfield code="a">Krim</marc:subfield>
    </marc:datafield>
    <marc:datafield tag="700" ind1=" " ind2=" ">
      <marc:subfield code="a">Storhøi, Dennis,</marc:subfield>
      <marc:subfield code="d">1960-,</marc:subfield>
      <marc:subfield code="e">innl.</marc:subfield>
    </marc:datafield>
  </marc:record>