
  <marc:record>
    <marc:leader>00762pam a2200157 a 4500</marc:leader>
    <marc:controlfield tag="001">000037147602</marc:controlfield>
    <marc:controlfield tag="008">091201s2010    oncb          000 f eng  </marc:controlfield>
    <marc:datafield tag="020" ind1=" " ind2=" ">
      <marc:subfield code="a">9780307358653 :</marc:subfield>
      <marc:subfield code="c">$27.95</marc:subfield>
    </marc:datafield>
    <marc:datafield tag="100" ind1="1" ind2=" ">
      <marc:subfield code="a">Nesbø, Jo,</marc:subfield>
      <marc:subfield code="d">1960-</marc:subfield>
    </marc:datafield>
    <marc:datafield tag="245" ind1="1" ind2="4">
      <marc:subfield code="a">The snowman /</marc:subfield>
      <marc:subfield code="c">Jo Nesbø ; translated from the Norwegian by Don Bartlett.</marc:subfield>
    </marc:datafield>
    <marc:datafield tag="260" ind1=" " ind2=" ">
      <marc:subfield code="a">Toronto :</marc:subfield>
      <marc:subfield code="b">Random House Canada,</marc:subfield>
      <marc:subfield code="c">c2010.</marc:subfield>
    </marc:datafield>
    <marc:datafield tag="300" ind1=" " ind2=" ">
      <marc:subfield code="a">454 p., 1 map ;</marc:subfield>
      <marc:subfield code="c">23 cm.</marc:subfield>
    </marc:datafield>
    <marc:datafield tag="490" ind1="1" ind2=" ">
      <marc:subfield code="a">The Harry Hole mystery series ;</marc:subfield>
      <marc:subfield code="v">7</marc:subfield>
    </marc:datafield>
  </marc:record>
  -->
</marc:collection>
